order_id,symbol,side,order_type,price,quantity,trader_id,timestamp
f0a1b407-89c1-4d09-87a7-4f9a0d3e7081,AAPL,BUY,LIMIT,100.24,360,trader_04,2024-01-15T09:30:00+00:00
42d06d9e-617b-4e37-8ee0-3f0317ea0f86,AAPL,BUY,LIMIT,99.03,560,trader_08,2024-01-15T09:30:00.500000+00:00
cf2669bd-5ac4-4a34-92c9-d97b92264971,AAPL,BUY,LIMIT,102.15,1400,trader_14,2024-01-15T09:30:01+00:00
07f617f8-72eb-413b-a4f2-3981f4bd390b,AAPL,BUY,LIMIT,100.81,20,trader_06,2024-01-15T09:30:01.500000+00:00
b36db865-2778-4642-85ff-1413b951712e,AAPL,SELL,LIMIT,99.72,1960,trader_11,2024-01-15T09:30:02+00:00
a60a9bde-b2e3-4fc4-8f10-e968ba56a245,AAPL,BUY,LIMIT,99.36,890,trader_20,2024-01-15T09:30:02.500000+00:00
cba67b84-1868-4557-aaca-c260a8fabc28,AAPL,SELL,MARKET,,1870,trader_15,2024-01-15T09:30:03+00:00
ae0d30c9-da5f-42e1-8394-c8898bc9a62d,AAPL,BUY,FOK,100.58,760,trader_20,2024-01-15T09:30:03.500000+00:00
fb89e091-053b-452a-8c11-c386a2401044,AAPL,SELL,LIMIT,101.57,1700,trader_08,2024-01-15T09:30:04+00:00
32ae6589-faa6-4b06-9e93-75e7d0654605,AAPL,SELL,FOK,100.37,980,trader_09,2024-01-15T09:30:04.500000+00:00
3e5aab65-a56d-4fcd-a8e4-44e3f1fadcae,AAPL,SELL,LIMIT,100.16,910,trader_07,2024-01-15T09:30:05+00:00
341a97a0-2e1d-4d70-8b79-fca1ea62114b,AAPL,SELL,LIMIT,102.15,1560,trader_06,2024-01-15T09:30:05.500000+00:00
2e849fc0-97a6-477a-a199-7f99db5c8b96,AAPL,BUY,LIMIT,100.77,1640,trader_18,2024-01-15T09:30:06+00:00
6dc810c9-91ea-469f-b06c-8ce186ae4fe5,AAPL,BUY,LIMIT,99.23,90,trader_11,2024-01-15T09:30:06.500000+00:00
4e7d605e-9e3c-4ccb-aba0-184784c4dd54,AAPL,SELL,LIMIT,100.41,1460,trader_11,2024-01-15T09:30:07+00:00
7b9b8898-6208-4c1b-a4c8-b2f281827d45,AAPL,BUY,LIMIT,101.38,1650,trader_15,2024-01-15T09:30:07.500000+00:00
228c68e3-904d-42a4-9152-ffb5379eaafc,AAPL,BUY,LIMIT,100.24,1380,trader_09,2024-01-15T09:30:08+00:00
f5e38288-0772-4f53-be31-1494ebbd4577,AAPL,SELL,MARKET,,1030,trader_12,2024-01-15T09:30:08.500000+00:00
a727d896-649e-481d-91d5-7bc3acff7746,AAPL,BUY,FOK,100.01,240,trader_02,2024-01-15T09:30:09+00:00
9c4024d7-0162-4a15-bb28-ee13e68a196c,AAPL,BUY,LIMIT,100.29,1090,trader_20,2024-01-15T09:30:09.500000+00:00
e822ad28-e403-4d65-b4cd-ff7be824dbe3,AAPL,BUY,LIMIT,102.0,1360,trader_09,2024-01-15T09:30:10+00:00
f6b8b65d-e5a0-46d0-a6a8-3a3e31d4c773,AAPL,BUY,LIMIT,99.68,1380,trader_09,2024-01-15T09:30:10.500000+00:00
37ada592-ee4b-43be-8e8b-4d6c006f8c38,AAPL,SELL,LIMIT,100.66,10,trader_09,2024-01-15T09:30:11+00:00
95438155-f806-493b-908d-4432fc567ff1,AAPL,BUY,LIMIT,99.87,770,trader_17,2024-01-15T09:30:11.500000+00:00
38739f9d-96d3-4fbd-97e8-9aae244c4af8,AAPL,BUY,LIMIT,100.04,2000,trader_17,2024-01-15T09:30:12+00:00
3908167e-d97f-4076-8bd9-4951ac9b39b6,AAPL,BUY,LIMIT,100.52,930,trader_10,2024-01-15T09:30:12.500000+00:00
8926ebd4-3664-402e-9881-330e95dfa339,AAPL,BUY,LIMIT,101.95,220,trader_16,2024-01-15T09:30:13+00:00
886106e0-6c14-49ec-95f9-6a15e3392a81,AAPL,BUY,FOK,101.77,330,trader_16,2024-01-15T09:30:13.500000+00:00
b2646c75-c0aa-4b4c-886a-27e7e0b29287,AAPL,BUY,LIMIT,101.42,550,trader_18,2024-01-15T09:30:14+00:00
192bd1ec-31e2-4fb3-b59c-04bccd9182e0,AAPL,BUY,LIMIT,101.5,1670,trader_12,2024-01-15T09:30:14.500000+00:00
a748f34d-cec0-4d71-8c58-c505502fd5ce,AAPL,SELL,MARKET,,1160,trader_04,2024-01-15T09:30:15+00:00
362637c1-750c-4822-9710-d5b5e6a0f0d6,AAPL,BUY,LIMIT,100.02,1420,trader_08,2024-01-15T09:30:15.500000+00:00
9a41fd7f-eebe-4e25-9d92-fc883696429a,AAPL,BUY,LIMIT,102.13,590,trader_03,2024-01-15T09:30:16+00:00
045ea8aa-4aa4-419b-972d-df693e76b6d0,AAPL,BUY,MARKET,,190,trader_17,2024-01-15T09:30:16.500000+00:00
05d01ea0-ac4c-4570-bb05-dcfebe702aee,AAPL,BUY,LIMIT,100.71,340,trader_19,2024-01-15T09:30:17+00:00
0da9206c-c786-410d-a9d0-8f549d207064,AAPL,SELL,LIMIT,101.31,490,trader_04,2024-01-15T09:30:17.500000+00:00
d86b1fc3-327a-421d-920e-722af7069069,AAPL,BUY,LIMIT,100.42,1200,trader_02,2024-01-15T09:30:18+00:00
7bfcd77d-f0b1-4063-a929-14f9cb072c08,AAPL,BUY,LIMIT,101.84,280,trader_08,2024-01-15T09:30:18.500000+00:00
2369d643-1092-40bb-bf4d-148689c0ccd4,AAPL,BUY,LIMIT,100.64,470,trader_09,2024-01-15T09:30:19+00:00
8961db2f-8ffa-41da-9059-f1e7263e01e2,AAPL,SELL,LIMIT,99.44,1410,trader_04,2024-01-15T09:30:19.500000+00:00
2248692b-31d9-4d77-a8ec-e562e9b05a60,AAPL,BUY,LIMIT,101.84,240,trader_08,2024-01-15T09:30:20+00:00
a6017b05-4731-4b58-8ef8-384469a1a23b,AAPL,BUY,LIMIT,100.71,1030,trader_02,2024-01-15T09:30:20.500000+00:00
96031731-b6cf-42d7-92c5-a538532d62f2,AAPL,BUY,LIMIT,100.77,1170,trader_10,2024-01-15T09:30:21+00:00
931aef80-485a-4c80-a114-8fbdefa2ea55,AAPL,SELL,LIMIT,102.5,1430,trader_16,2024-01-15T09:30:21.500000+00:00
da762177-9e52-494b-8359-f9987c2a2396,AAPL,BUY,LIMIT,100.47,1490,trader_18,2024-01-15T09:30:22+00:00
c5ea78a5-8502-42b5-8f02-f12ea6a9fd3a,AAPL,BUY,LIMIT,99.05,1230,trader_17,2024-01-15T09:30:22.500000+00:00
1d651113-3440-4e36-9a95-3d1cd6f2068d,AAPL,BUY,LIMIT,101.08,480,trader_03,2024-01-15T09:30:23+00:00
529cfcbe-81fe-404a-8200-e29ac5e49eee,AAPL,BUY,LIMIT,99.9,1460,trader_08,2024-01-15T09:30:23.500000+00:00
66a34542-8c30-42ec-90cc-d176bad2ccff,AAPL,BUY,LIMIT,101.16,1450,trader_17,2024-01-15T09:30:24+00:00
460960a8-fac1-44c6-a3e9-e083ea09c270,AAPL,SELL,IOC,100.17,810,trader_08,2024-01-15T09:30:24.500000+00:00
1d6c30dc-e211-4a55-8e10-6ab1aef1f363,AAPL,SELL,LIMIT,102.15,1180,trader_11,2024-01-15T09:30:25+00:00
e30b078b-c3e4-4574-ae0b-f101397a18c6,AAPL,BUY,LIMIT,102.0,260,trader_03,2024-01-15T09:30:25.500000+00:00
39ea4d1e-5490-42c7-8342-5522d048c6b4,AAPL,BUY,LIMIT,100.43,180,trader_08,2024-01-15T09:30:26+00:00
658e8d84-b846-4955-9281-eb7b2afaf016,AAPL,SELL,LIMIT,101.33,1810,trader_10,2024-01-15T09:30:26.500000+00:00
d8053c07-da69-45bd-bb7f-397f0048454d,AAPL,BUY,LIMIT,101.3,1700,trader_04,2024-01-15T09:30:27+00:00
c764dae9-11d4-4474-bcfb-b26188fae3e4,AAPL,BUY,LIMIT,99.74,400,trader_09,2024-01-15T09:30:27.500000+00:00
834dbe29-48ff-48d9-8339-3a0f4bfbf5ce,AAPL,SELL,LIMIT,101.84,1760,trader_09,2024-01-15T09:30:28+00:00
13fd6b27-8ac3-4c46-8804-a0f8102f39d2,AAPL,SELL,LIMIT,99.09,1090,trader_09,2024-01-15T09:30:28.500000+00:00
bb89b692-eea9-4798-aa20-7f5b8ad11190,AAPL,BUY,LIMIT,100.14,680,trader_06,2024-01-15T09:30:29+00:00
f0a2b848-15e7-44ea-8a4c-a094a36c82bc,AAPL,SELL,LIMIT,101.06,290,trader_03,2024-01-15T09:30:29.500000+00:00
863463d6-0451-4966-9c0e-5ff215247f54,AAPL,BUY,LIMIT,100.58,380,trader_14,2024-01-15T09:30:30+00:00
6592e5d7-1bfc-46fd-aecc-44df8edbc429,AAPL,BUY,LIMIT,100.9,110,trader_12,2024-01-15T09:30:30.500000+00:00
6d768a5e-1b91-481c-974f-72ba95b32ca6,AAPL,BUY,LIMIT,101.6,2000,trader_18,2024-01-15T09:30:31+00:00
ba9ddda2-3ccc-4567-946f-741ac5767a06,AAPL,SELL,FOK,101.65,610,trader_06,2024-01-15T09:30:31.500000+00:00
4c1e7f93-493d-4f98-9315-9fe6d672edb8,AAPL,BUY,MARKET,,70,trader_06,2024-01-15T09:30:32+00:00
5333e416-c26d-4762-b9f4-e7161cb42f56,AAPL,SELL,MARKET,,1060,trader_08,2024-01-15T09:30:32.500000+00:00
dfcd4af5-d95a-4d8d-a0e9-fb27f6c10f57,AAPL,SELL,LIMIT,101.61,100,trader_16,2024-01-15T09:30:33+00:00
5587dd9e-a640-4eca-9a50-7ef7783aaa88,AAPL,BUY,LIMIT,100.85,590,trader_08,2024-01-15T09:30:33.500000+00:00
da84a55f-410a-4b1d-bb9d-12ebfa32cb3e,AAPL,BUY,LIMIT,100.83,180,trader_09,2024-01-15T09:30:34+00:00
ea509370-6f03-42d6-bb03-023f82433fad,AAPL,SELL,LIMIT,101.18,1380,trader_11,2024-01-15T09:30:34.500000+00:00
4e7c2813-c232-4f3f-830a-6e5b39d7206f,AAPL,BUY,LIMIT,100.18,680,trader_02,2024-01-15T09:30:35+00:00
ccf5e265-0244-4ce6-bebd-c64aa5abf825,AAPL,BUY,LIMIT,100.73,810,trader_14,2024-01-15T09:30:35.500000+00:00
838f8cab-e55f-44ae-b673-455a49866fe0,AAPL,BUY,LIMIT,101.19,120,trader_14,2024-01-15T09:30:36+00:00
4785503e-5ca1-452b-b44a-c1060e4748d2,AAPL,BUY,LIMIT,101.69,1900,trader_07,2024-01-15T09:30:36.500000+00:00
eca8e0a0-bc1d-451f-9fff-a9f59e256af9,AAPL,SELL,LIMIT,102.42,1600,trader_11,2024-01-15T09:30:37+00:00
fc294280-4e66-447c-8108-450fd08461e4,AAPL,BUY,LIMIT,100.51,1710,trader_14,2024-01-15T09:30:37.500000+00:00
523f042c-b6a5-4637-8619-8803978418ff,AAPL,SELL,LIMIT,100.55,500,trader_14,2024-01-15T09:30:38+00:00
8044fef5-1f09-4477-a4ac-118de659ed64,AAPL,SELL,LIMIT,100.12,780,trader_13,2024-01-15T09:30:38.500000+00:00
6ddd7a32-6da8-4b2e-ae8b-36f464c3fb4f,AAPL,BUY,LIMIT,99.93,1490,trader_20,2024-01-15T09:30:39+00:00
d7d35f0e-bde1-48e0-8c34-475a7fee3b05,AAPL,SELL,LIMIT,101.18,1310,trader_16,2024-01-15T09:30:39.500000+00:00
25597753-353c-4a96-b0d5-579ebbd967bc,AAPL,BUY,LIMIT,100.52,1630,trader_20,2024-01-15T09:30:40+00:00
ee124651-a2cb-44d5-ae08-a93b20d23cf8,AAPL,SELL,LIMIT,100.17,580,trader_07,2024-01-15T09:30:40.500000+00:00
3ecdf86d-61dd-4a4f-a3ff-6b897e8a483e,AAPL,BUY,LIMIT,100.48,1570,trader_03,2024-01-15T09:30:41+00:00
ea0589b4-7e8b-4c2c-bd58-629dc4ab56f9,AAPL,SELL,LIMIT,102.08,1840,trader_13,2024-01-15T09:30:41.500000+00:00
024c4438-5ad1-4101-8912-bcec09440c14,AAPL,SELL,LIMIT,100.16,20,trader_04,2024-01-15T09:30:42+00:00
924f2df4-53f1-4bff-b3b4-cd90e6e4791f,AAPL,SELL,LIMIT,102.02,130,trader_18,2024-01-15T09:30:42.500000+00:00
7581f3f5-d0e1-413c-b9ff-cb1816ef8b7a,AAPL,BUY,IOC,99.46,1190,trader_17,2024-01-15T09:30:43+00:00
7f4e1745-56c0-43e7-87e4-843ffc2a8bcd,AAPL,SELL,IOC,101.11,1850,trader_17,2024-01-15T09:30:43.500000+00:00
70316dda-a786-47d2-9eed-0b9e0d305940,AAPL,SELL,MARKET,,1410,trader_15,2024-01-15T09:30:44+00:00
eca6bc56-3084-4236-9901-5ed5ae2eda6d,AAPL,BUY,LIMIT,100.95,1930,trader_08,2024-01-15T09:30:44.500000+00:00
2069e34b-dc4e-435c-9474-c817f3f596a4,AAPL,SELL,MARKET,,1340,trader_16,2024-01-15T09:30:45+00:00
3921e3ad-17d0-4f81-b23a-5f472921c8e2,AAPL,BUY,LIMIT,99.71,610,trader_09,2024-01-15T09:30:45.500000+00:00
1bf51978-fed5-4a46-bdde-6f4d4dbc28ea,AAPL,SELL,LIMIT,101.08,390,trader_08,2024-01-15T09:30:46+00:00
c5093391-b986-4f6f-8ae6-552c7d11c2c9,AAPL,SELL,LIMIT,101.71,1070,trader_14,2024-01-15T09:30:46.500000+00:00
f9b77ffb-61b4-46a0-ae3e-4ebc104aa7ea,AAPL,SELL,LIMIT,100.56,1080,trader_13,2024-01-15T09:30:47+00:00
c6f7f2ab-e687-48a4-bffd-ba8bb29a0913,AAPL,BUY,MARKET,,1960,trader_19,2024-01-15T09:30:47.500000+00:00
3d70cabe-3e3b-4550-a8f9-994c62701be4,AAPL,SELL,LIMIT,100.3,1000,trader_14,2024-01-15T09:30:48+00:00
38548eb4-ef1d-4cd1-9440-0ae60defcb3f,AAPL,BUY,LIMIT,100.44,80,trader_13,2024-01-15T09:30:48.500000+00:00
6b1fdd54-e8da-468b-a910-8fe922bc2549,AAPL,SELL,LIMIT,101.22,1200,trader_05,2024-01-15T09:30:49+00:00
7c669b57-dd00-4724-970e-69de5774de74,AAPL,BUY,IOC,101.56,70,trader_03,2024-01-15T09:30:49.500000+00:00
b8e79b93-0e43-4c00-9882-fa6ca5920468,AAPL,SELL,LIMIT,100.68,670,trader_13,2024-01-15T09:30:50+00:00
78b96143-bd0e-49b0-8735-4c42caf41aca,AAPL,SELL,LIMIT,100.34,980,trader_09,2024-01-15T09:30:50.500000+00:00
0075f1bd-043a-4424-ade2-217ff2c311dc,AAPL,SELL,LIMIT,99.47,1920,trader_18,2024-01-15T09:30:51+00:00
f11a7a13-bce9-4515-bc1b-bd41e82c1cbc,AAPL,BUY,FOK,100.22,180,trader_02,2024-01-15T09:30:51.500000+00:00
673df125-8cb9-4d22-9baf-99a485bc027f,AAPL,BUY,IOC,100.34,1600,trader_05,2024-01-15T09:30:52+00:00
daa55579-04e1-462b-80a8-11e6519bc54c,AAPL,BUY,LIMIT,101.61,560,trader_15,2024-01-15T09:30:52.500000+00:00
e8bfd73f-3c60-4a81-bc39-150b9c624e01,AAPL,SELL,MARKET,,430,trader_20,2024-01-15T09:30:53+00:00
4298714c-9362-42bd-9b7b-db2e213c8250,AAPL,BUY,MARKET,,420,trader_10,2024-01-15T09:30:53.500000+00:00
0cc982d5-3678-488a-a9f6-b9b636ce7a7f,AAPL,BUY,LIMIT,100.58,970,trader_13,2024-01-15T09:30:54+00:00
e10e787e-6ca3-43eb-8567-09e6ac7e5085,AAPL,BUY,LIMIT,102.33,630,trader_04,2024-01-15T09:30:54.500000+00:00
159e4a73-1b2d-47e8-a3d6-0fbb1e34e6cc,AAPL,SELL,MARKET,,1540,trader_04,2024-01-15T09:30:55+00:00
09773dd7-ef9e-4047-a362-3786cd3784ab,AAPL,BUY,LIMIT,101.16,180,trader_17,2024-01-15T09:30:55.500000+00:00
ee7f0389-6c10-4d31-8aa2-b0cbe765e967,AAPL,SELL,LIMIT,101.32,280,trader_14,2024-01-15T09:30:56+00:00
16140a41-cff2-46bb-be7a-a260b937392d,AAPL,SELL,LIMIT,101.21,1120,trader_06,2024-01-15T09:30:56.500000+00:00
66627de7-3866-4caa-afdf-594e3ac16611,AAPL,SELL,LIMIT,101.77,1200,trader_14,2024-01-15T09:30:57+00:00
2e96974c-594a-45fa-9bde-01e689a60a6d,AAPL,SELL,LIMIT,100.33,230,trader_09,2024-01-15T09:30:57.500000+00:00
c935299d-8a5d-41ec-a735-1701c50fda8c,AAPL,SELL,LIMIT,101.07,1720,trader_13,2024-01-15T09:30:58+00:00
5a814cba-b264-4fb4-9cd7-16eb9876147d,AAPL,SELL,LIMIT,100.18,550,trader_12,2024-01-15T09:30:58.500000+00:00
a02a2cba-ecec-47a6-8767-24c64c1e1463,AAPL,SELL,LIMIT,101.7,710,trader_18,2024-01-15T09:30:59+00:00
b81c8f20-1320-4fa5-83ad-cbead9f8a9ac,AAPL,BUY,LIMIT,99.59,1850,trader_14,2024-01-15T09:30:59.500000+00:00
0fa365a5-e77d-4ae3-b309-641faf82a554,AAPL,SELL,LIMIT,100.19,1660,trader_16,2024-01-15T09:31:00+00:00
28f683d7-54ff-4ae4-a32d-eb59012c24f4,AAPL,SELL,MARKET,,240,trader_10,2024-01-15T09:31:00.500000+00:00
0f971c0c-c181-46ff-ab48-47dc2192705d,AAPL,BUY,LIMIT,99.81,1490,trader_12,2024-01-15T09:31:01+00:00
28c3a989-7f78-47f9-886d-c7c4bdcbd9d3,AAPL,SELL,LIMIT,100.43,1910,trader_18,2024-01-15T09:31:01.500000+00:00
96d5b711-02a9-4444-8d7a-991fe0586db3,AAPL,SELL,LIMIT,100.77,650,trader_08,2024-01-15T09:31:02+00:00
aed0f785-3ae3-43cf-9d69-c15629ddcbbc,AAPL,BUY,LIMIT,100.12,1380,trader_06,2024-01-15T09:31:02.500000+00:00
a4cbaaeb-d7f8-4532-a1a8-fddd9e76867b,AAPL,BUY,LIMIT,100.78,1510,trader_17,2024-01-15T09:31:03+00:00
f6a6b23b-42ab-4d36-9028-196e1e1b7a58,AAPL,SELL,FOK,99.8,930,trader_06,2024-01-15T09:31:03.500000+00:00
c0401761-521d-4029-aeef-8165ea04ea94,AAPL,SELL,LIMIT,101.13,120,trader_02,2024-01-15T09:31:04+00:00
0191b5fc-dfe0-4b7a-b02a-51ce55d139bc,AAPL,SELL,LIMIT,100.14,1930,trader_16,2024-01-15T09:31:04.500000+00:00
599af598-d68a-4548-b161-aaaf1d92a9cb,AAPL,BUY,MARKET,,1470,trader_10,2024-01-15T09:31:05+00:00
86cb8c60-da0f-4138-b64a-0b9756f640ec,AAPL,SELL,LIMIT,100.18,140,trader_09,2024-01-15T09:31:05.500000+00:00
df4a65f2-45be-4fb5-a327-180167a65674,AAPL,SELL,LIMIT,99.4,190,trader_19,2024-01-15T09:31:06+00:00
64fd65b5-e666-40bc-8b7c-9c8d128c9a8b,AAPL,BUY,LIMIT,101.95,220,trader_08,2024-01-15T09:31:06.500000+00:00
5999e065-9a61-47c1-ace5-dd20ed46bf2f,AAPL,BUY,LIMIT,101.11,1590,trader_08,2024-01-15T09:31:07+00:00
1acebe94-f698-46be-a4b7-0caef24f7287,AAPL,SELL,LIMIT,100.8,1510,trader_14,2024-01-15T09:31:07.500000+00:00
88aae7dd-da31-43e5-86f1-689e68e8c789,AAPL,SELL,LIMIT,99.61,1900,trader_04,2024-01-15T09:31:08+00:00
a6ac3276-02da-417c-b4f8-33ae71e2712f,AAPL,BUY,LIMIT,100.66,410,trader_08,2024-01-15T09:31:08.500000+00:00
4b11e970-2d84-4774-ad17-0bf3dd595ec4,AAPL,BUY,LIMIT,99.5,1160,trader_20,2024-01-15T09:31:09+00:00
bc323030-b903-4c67-9fce-896b6ce09ed9,AAPL,SELL,LIMIT,99.79,730,trader_15,2024-01-15T09:31:09.500000+00:00
dfa6efe5-be74-42bc-a024-d3428d9c2ede,AAPL,BUY,LIMIT,100.79,1610,trader_19,2024-01-15T09:31:10+00:00
1b04cd6f-a5e4-4c99-b88b-f465e0fed55b,AAPL,BUY,LIMIT,101.22,390,trader_09,2024-01-15T09:31:10.500000+00:00
6cf38bd5-6971-495c-817c-0b111e07bcb8,AAPL,BUY,LIMIT,100.29,1530,trader_19,2024-01-15T09:31:11+00:00
f07b19e5-8089-4260-b005-f84e97b8553d,AAPL,SELL,LIMIT,101.19,1800,trader_13,2024-01-15T09:31:11.500000+00:00
5f244a16-8cf0-4548-9e69-db43d7cfa1f7,AAPL,SELL,LIMIT,100.94,1540,trader_02,2024-01-15T09:31:12+00:00
b26d3f06-51fc-4f50-b336-e95820d8f860,AAPL,SELL,LIMIT,101.25,240,trader_08,2024-01-15T09:31:12.500000+00:00
60bf308d-b145-4002-a7f2-7ee07254717a,AAPL,BUY,FOK,102.32,1480,trader_02,2024-01-15T09:31:13+00:00
2de47727-559e-4870-b185-34cee6aa9a57,AAPL,BUY,LIMIT,101.94,720,trader_06,2024-01-15T09:31:13.500000+00:00
3e1e0067-3e5c-4b7d-9529-74f21bf3f63a,AAPL,SELL,LIMIT,101.47,1210,trader_12,2024-01-15T09:31:14+00:00
504af7a9-eee0-4837-9aff-9fd34ab247c7,AAPL,SELL,LIMIT,101.6,420,trader_11,2024-01-15T09:31:14.500000+00:00
44efb909-ba1f-4eb3-9845-b5afcc1ec0d3,AAPL,SELL,LIMIT,100.66,1030,trader_18,2024-01-15T09:31:15+00:00
ad563c97-10cc-4161-84c0-b7c433e1bff0,AAPL,BUY,LIMIT,100.25,300,trader_13,2024-01-15T09:31:15.500000+00:00
931eedef-df7c-4231-b709-dd0f2c2c5ff0,AAPL,BUY,LIMIT,101.46,140,trader_07,2024-01-15T09:31:16+00:00
99241ca1-b1ec-4eb2-b1f1-b8a5a18268ad,AAPL,SELL,LIMIT,101.13,1950,trader_02,2024-01-15T09:31:16.500000+00:00
dc93deab-2e2b-4af9-96cb-1eac1361a92a,AAPL,BUY,LIMIT,100.43,1130,trader_16,2024-01-15T09:31:17+00:00
afc5faa7-d5e8-414d-ba95-dd8fcb4cb49d,AAPL,BUY,LIMIT,102.11,620,trader_06,2024-01-15T09:31:17.500000+00:00
1aa9f492-5bc8-467c-84ad-ea39a27d0751,AAPL,SELL,LIMIT,101.41,580,trader_04,2024-01-15T09:31:18+00:00
efc5cd28-db73-4dbd-a5e1-b0c4994b5991,AAPL,SELL,IOC,102.33,1280,trader_10,2024-01-15T09:31:18.500000+00:00
8954c115-b750-4258-a301-2720dbb5c8f6,AAPL,SELL,LIMIT,101.48,630,trader_15,2024-01-15T09:31:19+00:00
d984ad19-07fd-4934-8198-97d08768149b,AAPL,BUY,LIMIT,101.51,350,trader_03,2024-01-15T09:31:19.500000+00:00
f941d61d-6ce5-4f9b-a189-801d2cd1b2f1,AAPL,SELL,MARKET,,1070,trader_11,2024-01-15T09:31:20+00:00
4d82781e-51c8-43a6-a4de-044ecde1eb35,AAPL,SELL,MARKET,,730,trader_10,2024-01-15T09:31:20.500000+00:00
b4fa9d77-d8bb-4731-a953-20c4dc39b56f,AAPL,SELL,MARKET,,1150,trader_18,2024-01-15T09:31:21+00:00
7f78d907-4ad7-4945-826b-6f6e70e22093,AAPL,SELL,LIMIT,101.76,970,trader_15,2024-01-15T09:31:21.500000+00:00
0f617f3c-1218-4abc-86e0-4878c168ca52,AAPL,SELL,MARKET,,1790,trader_08,2024-01-15T09:31:22+00:00
ac525825-292c-47aa-b1d4-492dd127bef5,AAPL,SELL,LIMIT,100.54,1910,trader_16,2024-01-15T09:31:22.500000+00:00
3c5a8ed0-96d0-4b9a-af84-9de1a8a46fac,AAPL,SELL,LIMIT,102.29,1670,trader_05,2024-01-15T09:31:23+00:00
3e2930fc-49ef-4ede-8518-ecd4833f8886,AAPL,SELL,FOK,100.0,1520,trader_11,2024-01-15T09:31:23.500000+00:00
89df8828-e3aa-4b06-bdf2-424856ac3cf2,AAPL,BUY,MARKET,,1130,trader_04,2024-01-15T09:31:24+00:00
9d6ff92b-fa04-437a-8e7a-61c3e0b5167f,AAPL,SELL,LIMIT,99.91,1680,trader_05,2024-01-15T09:31:24.500000+00:00
5d3adde5-ac49-4f3a-9bbf-31ed40ca9932,AAPL,BUY,LIMIT,100.34,1780,trader_13,2024-01-15T09:31:25+00:00
b9220507-ee96-46e1-9552-d8a51b8cd9fd,AAPL,BUY,MARKET,,1730,trader_18,2024-01-15T09:31:25.500000+00:00
6986cef9-20b2-44d9-8f62-fc92ec4a804e,AAPL,SELL,IOC,102.22,1950,trader_16,2024-01-15T09:31:26+00:00
eec954d6-158d-4148-9d04-296f4abdf31c,AAPL,BUY,LIMIT,100.13,740,trader_08,2024-01-15T09:31:26.500000+00:00
19f0c217-dc11-4390-bb1a-40ce5b255f49,AAPL,BUY,LIMIT,99.76,1810,trader_04,2024-01-15T09:31:27+00:00
adb11f1e-83cf-47cc-9af7-9b90a710324a,AAPL,SELL,LIMIT,100.9,120,trader_11,2024-01-15T09:31:27.500000+00:00
903ca7e5-5181-42cd-808a-1367200b4e9c,AAPL,BUY,LIMIT,100.43,630,trader_17,2024-01-15T09:31:28+00:00
0ae32588-447d-400b-a84e-4a4de1e4f09e,AAPL,SELL,LIMIT,99.67,210,trader_20,2024-01-15T09:31:28.500000+00:00
9803e808-5799-4e14-a2a3-92c21d1c9e09,AAPL,SELL,LIMIT,100.0,1500,trader_05,2024-01-15T09:31:29+00:00
737ba03c-f715-4c44-9693-b41c2a036d21,AAPL,BUY,LIMIT,100.46,1710,trader_01,2024-01-15T09:31:29.500000+00:00
dd0a1846-b44b-410e-a74e-b7f2281fbab3,AAPL,SELL,IOC,102.05,190,trader_15,2024-01-15T09:31:30+00:00
c818e2d8-661a-4039-a011-144e98fa0f92,AAPL,SELL,FOK,100.64,1090,trader_09,2024-01-15T09:31:30.500000+00:00
a6418179-f52d-49fb-bbce-8d066a71704d,AAPL,SELL,MARKET,,510,trader_13,2024-01-15T09:31:31+00:00
b7f2e3fe-7453-41d1-8138-bf25019e7f07,AAPL,SELL,LIMIT,101.07,1480,trader_10,2024-01-15T09:31:31.500000+00:00
4e3870bd-ad2b-4068-b2f2-194ee18e938c,AAPL,SELL,LIMIT,101.9,30,trader_19,2024-01-15T09:31:32+00:00
24754573-7afa-4633-a566-080d1a3eb99f,AAPL,BUY,IOC,102.0,740,trader_08,2024-01-15T09:31:32.500000+00:00
61f1cbbe-6d2f-4247-b437-eaf98dbaf352,AAPL,SELL,LIMIT,100.12,1740,trader_05,2024-01-15T09:31:33+00:00
36582bf3-1fc8-4df1-8896-bc19be0e2995,AAPL,BUY,IOC,101.54,1130,trader_02,2024-01-15T09:31:33.500000+00:00
c4f64f71-f375-43a6-ba0f-d216400b476a,AAPL,SELL,LIMIT,99.91,840,trader_14,2024-01-15T09:31:34+00:00
67f1c8f2-1e45-4852-a6bb-be51890bd069,AAPL,BUY,LIMIT,101.88,940,trader_17,2024-01-15T09:31:34.500000+00:00
3c16c371-5e15-430c-8213-90f7d5ad3711,AAPL,SELL,MARKET,,660,trader_16,2024-01-15T09:31:35+00:00
f1e7e45b-9386-4c29-a94a-8a21af7a9c95,AAPL,SELL,LIMIT,100.8,1200,trader_03,2024-01-15T09:31:35.500000+00:00
00091e90-3244-4da8-885b-9db072ded14d,AAPL,BUY,MARKET,,580,trader_13,2024-01-15T09:31:36+00:00
288aad49-3e5a-4fd2-8cbe-96266ac0b1fa,AAPL,SELL,LIMIT,100.51,1380,trader_04,2024-01-15T09:31:36.500000+00:00
96a923c8-f4eb-4de1-9233-c678e6df032b,AAPL,SELL,LIMIT,102.17,1500,trader_13,2024-01-15T09:31:37+00:00
918a7bc1-e46a-4784-a399-10287bb07525,AAPL,SELL,LIMIT,99.97,1590,trader_18,2024-01-15T09:31:37.500000+00:00
5797f6dd-aa4a-4fe6-b062-7092bb8fdddf,AAPL,SELL,IOC,100.15,1630,trader_15,2024-01-15T09:31:38+00:00
f6fdb8f0-29d9-4b0c-9bed-5f188ceb620d,AAPL,SELL,LIMIT,99.14,100,trader_10,2024-01-15T09:31:38.500000+00:00
802d43e2-9f76-407e-a3f1-54e81cba402f,AAPL,SELL,LIMIT,100.39,350,trader_13,2024-01-15T09:31:39+00:00
d141022d-4d8a-4ffd-bbce-68817e70135f,AAPL,SELL,LIMIT,102.2,1390,trader_14,2024-01-15T09:31:39.500000+00:00
db8663d1-d850-46f6-9cef-7302e5524cab,AAPL,BUY,MARKET,,1680,trader_04,2024-01-15T09:31:40+00:00
4e27f4e2-8f1e-4090-8d49-195ac19277c4,AAPL,SELL,LIMIT,100.03,950,trader_07,2024-01-15T09:31:40.500000+00:00
3c92c81a-6ed6-4dac-9c94-81f9c8bb2078,AAPL,SELL,LIMIT,100.36,260,trader_12,2024-01-15T09:31:41+00:00
5f0427da-660a-4354-bf98-2a565f899245,AAPL,SELL,LIMIT,100.19,320,trader_15,2024-01-15T09:31:41.500000+00:00
41c45cbb-255a-4822-bcb7-90272b67ec81,AAPL,BUY,LIMIT,102.14,60,trader_02,2024-01-15T09:31:42+00:00
6f561e36-a12f-441b-8d9f-eb146fda5091,AAPL,SELL,LIMIT,100.29,530,trader_03,2024-01-15T09:31:42.500000+00:00
35410313-2fc2-4b24-9a08-87dc883dcd0d,AAPL,BUY,LIMIT,99.83,380,trader_20,2024-01-15T09:31:43+00:00
e06ea6b2-562c-40e2-8f90-f8e78a15ae1c,AAPL,BUY,LIMIT,100.49,1390,trader_09,2024-01-15T09:31:43.500000+00:00
113dd05d-42b0-4487-a986-60953ee2309e,AAPL,BUY,LIMIT,99.13,920,trader_08,2024-01-15T09:31:44+00:00
ba1a8461-f7ba-4c6d-9344-78de8b5d6608,AAPL,SELL,LIMIT,100.05,1900,trader_14,2024-01-15T09:31:44.500000+00:00
98f66678-3ceb-4f09-9f6f-de92358fe6cc,AAPL,BUY,LIMIT,100.95,930,trader_17,2024-01-15T09:31:45+00:00
11bf2c06-21f6-4d51-8110-cdb5ae70f9a0,AAPL,BUY,LIMIT,100.45,120,trader_17,2024-01-15T09:31:45.500000+00:00
aecbacb0-e245-4028-8f37-b8be61849243,AAPL,SELL,LIMIT,99.06,1230,trader_13,2024-01-15T09:31:46+00:00
89e64058-2dc0-4c61-abe9-efbaa4d50245,AAPL,SELL,LIMIT,101.21,1140,trader_03,2024-01-15T09:31:46.500000+00:00
c06559b6-5b82-4d82-9e6f-6739a6c93924,AAPL,BUY,LIMIT,99.57,710,trader_20,2024-01-15T09:31:47+00:00
7dac803e-375e-4ad9-9e02-39a135b7876f,AAPL,SELL,LIMIT,101.53,1170,trader_17,2024-01-15T09:31:47.500000+00:00
ef913fe4-88a2-4760-8a59-5459e3c3ab78,AAPL,SELL,LIMIT,101.61,1680,trader_18,2024-01-15T09:31:48+00:00
d2607f56-b648-4e09-a3d4-289d7d9e5ae0,AAPL,BUY,LIMIT,99.91,1170,trader_13,2024-01-15T09:31:48.500000+00:00
d1d8650a-1561-43f0-95b1-0a4324edd98e,AAPL,SELL,LIMIT,100.43,1710,trader_09,2024-01-15T09:31:49+00:00
162f9902-a0ba-4935-8add-813358442566,AAPL,SELL,IOC,102.42,180,trader_03,2024-01-15T09:31:49.500000+00:00
cf685980-64ac-4e1d-8100-023314afd822,AAPL,BUY,LIMIT,99.74,960,trader_05,2024-01-15T09:31:50+00:00
0aa7ca68-a082-45f1-a4f5-1031b0fb179c,AAPL,BUY,LIMIT,101.56,1720,trader_04,2024-01-15T09:31:50.500000+00:00
2bba4685-ea3d-4978-b5a3-c7aca3c16d8b,AAPL,SELL,LIMIT,102.44,1090,trader_02,2024-01-15T09:31:51+00:00
0ce7e490-69d5-4c91-b75a-e5840b614863,AAPL,SELL,LIMIT,100.1,1300,trader_07,2024-01-15T09:31:51.500000+00:00
e88cd4db-f940-4365-8f84-cf6cef30b579,AAPL,BUY,LIMIT,100.35,900,trader_18,2024-01-15T09:31:52+00:00
e181da90-6d8e-4e8b-873d-2e6ec8dd3ed9,AAPL,SELL,LIMIT,100.57,1100,trader_18,2024-01-15T09:31:52.500000+00:00
2a033447-ebb3-4775-a855-fbe1e670e5ed,AAPL,BUY,LIMIT,102.33,690,trader_01,2024-01-15T09:31:53+00:00
351ae546-e56a-4cc6-8f99-ee4633f72644,AAPL,BUY,LIMIT,100.92,900,trader_01,2024-01-15T09:31:53.500000+00:00
e4d27658-fdcb-4e0f-91cf-4bb971385042,AAPL,BUY,MARKET,,1450,trader_13,2024-01-15T09:31:54+00:00
7489e33e-c32c-4fa7-aa9d-79e0fc35ac65,AAPL,BUY,LIMIT,102.47,240,trader_17,2024-01-15T09:31:54.500000+00:00
6a2eff57-8828-4a7a-a47e-c17214a4a0b0,AAPL,BUY,LIMIT,100.84,950,trader_10,2024-01-15T09:31:55+00:00
fee80863-56ef-4bac-b616-2b6805275a1c,AAPL,SELL,MARKET,,1460,trader_20,2024-01-15T09:31:55.500000+00:00
de6aad7e-82af-4a3b-acb0-e432177e1385,AAPL,BUY,MARKET,,400,trader_06,2024-01-15T09:31:56+00:00
c33671d8-a9ad-461c-ade6-b9be0760c6eb,AAPL,BUY,LIMIT,100.44,1090,trader_16,2024-01-15T09:31:56.500000+00:00
5ec39aa8-f4e6-4398-986b-b2c713d75e26,AAPL,SELL,LIMIT,100.25,300,trader_12,2024-01-15T09:31:57+00:00
d00254b1-98be-465d-acc3-cb3c5a45316a,AAPL,SELL,LIMIT,102.18,1250,trader_17,2024-01-15T09:31:57.500000+00:00
8856af08-c9f2-440e-a9e2-50f5ff1c334d,AAPL,SELL,LIMIT,101.48,150,trader_01,2024-01-15T09:31:58+00:00
7ffd52d0-9e07-447b-bf71-8519950ebbcb,AAPL,BUY,LIMIT,100.27,1960,trader_09,2024-01-15T09:31:58.500000+00:00
8eec249f-159e-4514-aa77-945050a24ca2,AAPL,SELL,LIMIT,99.5,1110,trader_06,2024-01-15T09:31:59+00:00
99ca7b3a-3ed7-4cad-a7ed-923d5a5119ba,AAPL,BUY,LIMIT,101.73,1440,trader_12,2024-01-15T09:31:59.500000+00:00
d6f9aae4-a76d-4708-908c-29623df5ddcd,AAPL,BUY,LIMIT,101.54,50,trader_15,2024-01-15T09:32:00+00:00
08f6a779-f5a2-45ab-b434-8de2ba13423f,AAPL,BUY,MARKET,,1480,trader_14,2024-01-15T09:32:00.500000+00:00
36493303-338c-4c89-8612-f605927b3f02,AAPL,SELL,LIMIT,100.79,1040,trader_01,2024-01-15T09:32:01+00:00
3c230c6a-eaa6-4c78-a5f2-242d58386e80,AAPL,SELL,LIMIT,101.46,1770,trader_12,2024-01-15T09:32:01.500000+00:00
3922d1fb-0f4d-4b5a-84f1-f45b6c6ee8f1,AAPL,BUY,LIMIT,99.24,1510,trader_13,2024-01-15T09:32:02+00:00
4b8109fc-3bde-4233-bbb1-010e988e7040,AAPL,BUY,LIMIT,100.75,570,trader_11,2024-01-15T09:32:02.500000+00:00
5704e3e6-9819-479d-9da7-7775bc523c7f,AAPL,BUY,LIMIT,101.61,1310,trader_07,2024-01-15T09:32:03+00:00
bee9884e-8877-45ac-9827-400683a64e98,AAPL,SELL,LIMIT,102.32,610,trader_04,2024-01-15T09:32:03.500000+00:00
89f2f30b-93cd-4d98-a868-52b8a6c6c77d,AAPL,BUY,LIMIT,100.1,1950,trader_03,2024-01-15T09:32:04+00:00
5e91ea46-15dd-461b-95e0-d2ac672624b4,AAPL,BUY,IOC,101.99,1940,trader_19,2024-01-15T09:32:04.500000+00:00
d728d7d7-cd9b-4d27-9ecd-8724791a538d,AAPL,SELL,LIMIT,101.64,1600,trader_11,2024-01-15T09:32:05+00:00
07bbf75e-d6ce-43f3-98cc-8b2c143fe9f3,AAPL,SELL,LIMIT,99.47,1620,trader_10,2024-01-15T09:32:05.500000+00:00
6ecb640e-bcb4-4aa9-b8f9-8b56c0c04e89,AAPL,SELL,LIMIT,100.51,800,trader_15,2024-01-15T09:32:06+00:00
f3defa9a-1ff3-441f-92db-981042db28fc,AAPL,SELL,LIMIT,100.83,200,trader_03,2024-01-15T09:32:06.500000+00:00
fa60e812-b641-497d-8262-d1dc6ee82674,AAPL,SELL,LIMIT,101.95,1900,trader_02,2024-01-15T09:32:07+00:00
5493cf9b-e8f1-475b-a11d-73a7a77fdaa2,AAPL,SELL,IOC,101.65,830,trader_20,2024-01-15T09:32:07.500000+00:00
ec8d2796-6015-45a5-a297-1c7cc31cde80,AAPL,SELL,LIMIT,99.45,880,trader_03,2024-01-15T09:32:08+00:00
310d0b02-a39e-4023-9caf-4fecfbbf84c5,AAPL,BUY,LIMIT,101.94,1130,trader_17,2024-01-15T09:32:08.500000+00:00
a15baa5e-e4fa-4023-8ac7-38223d4a952c,AAPL,BUY,LIMIT,100.39,1990,trader_11,2024-01-15T09:32:09+00:00
fd244473-0618-453c-91c9-42196986016a,AAPL,BUY,MARKET,,1660,trader_11,2024-01-15T09:32:09.500000+00:00
44443805-7ec0-4612-9981-0b817e8e33c0,AAPL,BUY,LIMIT,101.68,730,trader_09,2024-01-15T09:32:10+00:00
a9abda7c-8790-4f06-ae9f-af9e872577ff,AAPL,BUY,LIMIT,101.66,900,trader_10,2024-01-15T09:32:10.500000+00:00
585931e9-2b13-4eb3-ae4f-f4112009dd9a,AAPL,SELL,LIMIT,102.44,800,trader_18,2024-01-15T09:32:11+00:00
9e1d684f-02d8-42c1-8abd-ffd2a424a17b,AAPL,SELL,LIMIT,100.81,1720,trader_17,2024-01-15T09:32:11.500000+00:00
a9f26651-bb44-43d3-bb18-a03453a458fb,AAPL,BUY,LIMIT,101.01,50,trader_12,2024-01-15T09:32:12+00:00
6b70bd01-f93b-4764-a2e6-f0bdf8cdc297,AAPL,SELL,LIMIT,99.84,1970,trader_16,2024-01-15T09:32:12.500000+00:00
48462497-cc88-4cfc-b87b-3308f43bb17a,AAPL,BUY,LIMIT,99.65,760,trader_04,2024-01-15T09:32:13+00:00
c0eacbe6-37af-4869-b9bf-bfef26bf6c99,AAPL,BUY,LIMIT,101.13,970,trader_05,2024-01-15T09:32:13.500000+00:00
732c7e1a-2d8a-4ae6-a429-eeca2f49e174,AAPL,BUY,LIMIT,102.27,430,trader_15,2024-01-15T09:32:14+00:00
2f13616e-9ef4-4d39-b568-5ba2a7c15603,AAPL,BUY,LIMIT,102.22,1140,trader_20,2024-01-15T09:32:14.500000+00:00
1a09430d-4524-4b99-ad25-891c14c97f7d,AAPL,SELL,MARKET,,1150,trader_08,2024-01-15T09:32:15+00:00
6befb3fe-b32c-4c49-b4de-2bc75a36b909,AAPL,BUY,LIMIT,101.4,500,trader_12,2024-01-15T09:32:15.500000+00:00
009ef7c8-feff-406b-a98e-42084f4c3d52,AAPL,SELL,LIMIT,100.78,1290,trader_17,2024-01-15T09:32:16+00:00
f643b744-1b1e-4f13-a877-f39b884d61ce,AAPL,SELL,FOK,100.3,360,trader_09,2024-01-15T09:32:16.500000+00:00
6d75b198-c6c2-4e2d-9207-f27339f9febe,AAPL,BUY,LIMIT,100.55,270,trader_17,2024-01-15T09:32:17+00:00
37117e7b-dec0-4d4e-83ef-c64a14433d9b,AAPL,BUY,LIMIT,99.77,1320,trader_05,2024-01-15T09:32:17.500000+00:00
a77eb68f-9fa8-427e-a040-1e459a6d7956,AAPL,SELL,LIMIT,100.32,900,trader_01,2024-01-15T09:32:18+00:00
43b58335-79ff-4d3e-bd1a-9f2dbac448a5,AAPL,SELL,LIMIT,101.37,990,trader_03,2024-01-15T09:32:18.500000+00:00
62a2b8fe-0af7-472b-b14b-526e35b911b5,AAPL,SELL,LIMIT,100.93,1830,trader_11,2024-01-15T09:32:19+00:00
13b7d3da-c83b-43c0-ae3c-95523e149d1e,AAPL,BUY,LIMIT,100.92,1210,trader_05,2024-01-15T09:32:19.500000+00:00
0e326801-c680-4655-8be0-b6f99bfdb207,AAPL,SELL,LIMIT,99.91,50,trader_09,2024-01-15T09:32:20+00:00
e1286222-2302-46fb-afca-5e2c0b5d4133,AAPL,BUY,MARKET,,1410,trader_20,2024-01-15T09:32:20.500000+00:00
1dcd1cb3-eaa0-4d46-96fc-4e26f7ca54bf,AAPL,SELL,LIMIT,100.24,320,trader_02,2024-01-15T09:32:21+00:00
4e59a0c5-a064-4463-bcaf-3f3a78f46af0,AAPL,BUY,LIMIT,101.46,290,trader_16,2024-01-15T09:32:21.500000+00:00
2877efe6-648a-4fac-8657-c256721530f4,AAPL,BUY,LIMIT,101.24,370,trader_10,2024-01-15T09:32:22+00:00
6bd7fc5c-2780-45fd-92ab-d6fb0ccef289,AAPL,SELL,LIMIT,100.24,1070,trader_06,2024-01-15T09:32:22.500000+00:00
5cc39137-2a80-4a66-8047-55d71eb10987,AAPL,BUY,LIMIT,100.07,1350,trader_18,2024-01-15T09:32:23+00:00
c6ab06e4-8d7c-485f-8881-a543141b08d0,AAPL,BUY,LIMIT,100.54,1000,trader_12,2024-01-15T09:32:23.500000+00:00
4bc895e9-46f7-4901-96e0-989b7e30e7cc,AAPL,SELL,LIMIT,100.79,890,trader_08,2024-01-15T09:32:24+00:00
68d6ff4c-4f63-4b06-947c-ba581b4a673d,AAPL,BUY,MARKET,,1890,trader_11,2024-01-15T09:32:24.500000+00:00
a96a7317-8c6f-4ea4-8898-6aa515e2571e,AAPL,BUY,LIMIT,101.34,1650,trader_06,2024-01-15T09:32:25+00:00
661279db-ff89-4f47-b7e5-0d1b086533cd,AAPL,SELL,FOK,101.13,350,trader_03,2024-01-15T09:32:25.500000+00:00
ec798864-a5e3-4da3-b947-e79db217c4c0,AAPL,SELL,LIMIT,99.54,520,trader_02,2024-01-15T09:32:26+00:00
0c070747-8371-42c8-afc8-078accff43f8,AAPL,SELL,IOC,101.4,1400,trader_16,2024-01-15T09:32:26.500000+00:00
a81d8488-74cf-4ce2-954a-17cf6c373931,AAPL,SELL,LIMIT,101.69,920,trader_02,2024-01-15T09:32:27+00:00
b5b5e123-4216-42ff-ac8a-22c74c07fa27,AAPL,SELL,LIMIT,100.44,1030,trader_15,2024-01-15T09:32:27.500000+00:00
b863c78a-9dfe-4103-a14e-9fc49f80fa86,AAPL,SELL,LIMIT,100.0,1280,trader_12,2024-01-15T09:32:28+00:00
f1940eea-fec3-4763-824a-035f9006f87f,AAPL,SELL,MARKET,,1870,trader_14,2024-01-15T09:32:28.500000+00:00
6ab4270a-6234-4397-9035-a9d8d7668be7,AAPL,BUY,LIMIT,100.05,830,trader_04,2024-01-15T09:32:29+00:00
15a61973-6b1a-4105-8819-ee6fde12746f,AAPL,BUY,LIMIT,100.31,1550,trader_14,2024-01-15T09:32:29.500000+00:00
0781021d-9c51-4e43-90a2-bd502f49f74c,AAPL,BUY,LIMIT,100.45,1870,trader_12,2024-01-15T09:32:30+00:00
1cb17ad5-2fdc-4e82-8664-b6b1446faa90,AAPL,SELL,LIMIT,99.08,1640,trader_13,2024-01-15T09:32:30.500000+00:00
19e28cfa-5dab-4920-b6cc-f04647fc6279,AAPL,SELL,LIMIT,102.18,80,trader_05,2024-01-15T09:32:31+00:00
873a1870-2372-40d8-b444-dc1dffb32f27,AAPL,SELL,LIMIT,99.24,1660,trader_12,2024-01-15T09:32:31.500000+00:00
cfbf60db-84d5-429e-9f49-f4604d0e12fd,AAPL,SELL,LIMIT,101.03,400,trader_15,2024-01-15T09:32:32+00:00
1af4299c-a599-4be0-ba2c-22972e036a9d,AAPL,SELL,LIMIT,99.57,1360,trader_12,2024-01-15T09:32:32.500000+00:00
756f5d1d-4b83-46a6-8b5d-d9387226fbfd,AAPL,SELL,LIMIT,100.25,300,trader_01,2024-01-15T09:32:33+00:00
8faddb99-1527-4af1-977d-c7dd8ac5afa4,AAPL,BUY,LIMIT,101.41,310,trader_09,2024-01-15T09:32:33.500000+00:00
242494ae-74df-477f-b3f3-be95753f1d4b,AAPL,SELL,LIMIT,100.5,740,trader_16,2024-01-15T09:32:34+00:00
1214809c-324b-4c8d-aa25-a8fa19bd401a,AAPL,BUY,LIMIT,99.45,1830,trader_15,2024-01-15T09:32:34.500000+00:00
89cb528c-cf7c-430c-8a1e-ae3d9b8892e5,AAPL,BUY,MARKET,,820,trader_12,2024-01-15T09:32:35+00:00
c042e84a-f454-4e84-b54f-291b9504b846,AAPL,BUY,LIMIT,100.89,410,trader_06,2024-01-15T09:32:35.500000+00:00
0084b1da-ce2f-43b3-b2f4-2e58b601194a,AAPL,SELL,LIMIT,99.99,360,trader_08,2024-01-15T09:32:36+00:00
b05a1ca5-3262-4a13-b375-88c68bfaac55,AAPL,SELL,LIMIT,101.57,1200,trader_18,2024-01-15T09:32:36.500000+00:00
eca6f78c-2720-4ca3-ba26-d1e395a31d98,AAPL,BUY,LIMIT,99.07,1020,trader_16,2024-01-15T09:32:37+00:00
3897bf11-5913-46fc-a419-bba4c808898a,AAPL,SELL,MARKET,,1480,trader_03,2024-01-15T09:32:37.500000+00:00
87cf7aeb-1606-433b-bd86-832579033ac0,AAPL,BUY,FOK,101.57,1200,trader_17,2024-01-15T09:32:38+00:00
14e7e6d3-a966-40d9-94d9-1db5130ae548,AAPL,SELL,LIMIT,101.64,470,trader_05,2024-01-15T09:32:38.500000+00:00
22bfe880-4edb-44a0-9eda-fd0fc6d7b1fb,AAPL,SELL,LIMIT,99.83,1330,trader_05,2024-01-15T09:32:39+00:00
4253dbf3-4bae-4329-b6c4-71bd355dc246,AAPL,SELL,LIMIT,100.93,580,trader_12,2024-01-15T09:32:39.500000+00:00
a6b3efa7-54f7-4285-a1f7-3370ce8fba35,AAPL,SELL,MARKET,,650,trader_07,2024-01-15T09:32:40+00:00
8534fd8a-7a16-4e52-addd-e859d37364f6,AAPL,SELL,LIMIT,100.61,240,trader_17,2024-01-15T09:32:40.500000+00:00
af10fbde-6611-4195-99f6-4ad7ff4df40f,AAPL,BUY,LIMIT,101.15,1690,trader_20,2024-01-15T09:32:41+00:00
aa28299a-7324-4a95-8c36-7f4c68bbab01,AAPL,SELL,MARKET,,1450,trader_02,2024-01-15T09:32:41.500000+00:00
87e994b8-a6de-4efa-ab6f-c651d3bb1c02,AAPL,BUY,LIMIT,102.27,680,trader_07,2024-01-15T09:32:42+00:00
dd802002-c013-4482-84e3-fd4b46ce023f,AAPL,SELL,LIMIT,99.5,1610,trader_18,2024-01-15T09:32:42.500000+00:00
f631a3cf-629d-4dd8-9a72-cd34b90db674,AAPL,SELL,LIMIT,100.48,1760,trader_13,2024-01-15T09:32:43+00:00
8251f81b-e02b-46b9-b7e5-6c70b05d01cd,AAPL,SELL,LIMIT,101.56,1130,trader_14,2024-01-15T09:32:43.500000+00:00
36b8b895-fbeb-4f57-b6c0-f7697314131d,AAPL,SELL,LIMIT,100.61,810,trader_11,2024-01-15T09:32:44+00:00
157dbe9d-f256-4ac7-ba00-e0d943a9aee8,AAPL,SELL,FOK,100.26,1320,trader_18,2024-01-15T09:32:44.500000+00:00
08338828-6329-41eb-9e20-8cae8e2fb633,AAPL,BUY,LIMIT,100.62,1160,trader_08,2024-01-15T09:32:45+00:00
e66b93b5-f55c-4935-b839-5088e71b26d0,AAPL,BUY,LIMIT,100.95,1580,trader_14,2024-01-15T09:32:45.500000+00:00
d84da964-7cd0-4041-aca9-3649399f960e,AAPL,BUY,FOK,100.31,1480,trader_11,2024-01-15T09:32:46+00:00
259ebaea-647c-45f5-92bf-ef417491b76a,AAPL,BUY,MARKET,,1280,trader_17,2024-01-15T09:32:46.500000+00:00
ba26c4c9-f298-4b91-93a8-f9b33a76730b,AAPL,SELL,LIMIT,100.5,240,trader_13,2024-01-15T09:32:47+00:00
02fffd3b-ec15-43a2-add3-2b9c9e38388f,AAPL,SELL,FOK,100.08,130,trader_02,2024-01-15T09:32:47.500000+00:00
3b19eab4-44b3-4f13-b85c-ce4cafbf9871,AAPL,SELL,LIMIT,102.17,740,trader_18,2024-01-15T09:32:48+00:00
7f897f1c-77c0-45b3-b587-4df696407ef4,AAPL,BUY,MARKET,,1110,trader_05,2024-01-15T09:32:48.500000+00:00
9c9c18a3-4c08-4137-a67c-f6f6643e7b9a,AAPL,SELL,LIMIT,100.87,1030,trader_02,2024-01-15T09:32:49+00:00
58b3963d-521d-47d4-ae0d-cb014c02e1be,AAPL,BUY,LIMIT,100.07,1300,trader_15,2024-01-15T09:32:49.500000+00:00
7dac1110-bd27-445b-bfca-a78ad0956d95,AAPL,SELL,MARKET,,1600,trader_20,2024-01-15T09:32:50+00:00
f12c8179-96b5-4f82-88db-67d72d79eeb6,AAPL,BUY,LIMIT,99.39,870,trader_18,2024-01-15T09:32:50.500000+00:00
c744c652-3e73-4655-a239-13db45030823,AAPL,SELL,MARKET,,510,trader_20,2024-01-15T09:32:51+00:00
430a0d73-b378-41b6-a90d-add7d27f61aa,AAPL,SELL,LIMIT,99.04,1830,trader_11,2024-01-15T09:32:51.500000+00:00
02bf1e55-5cfa-42a4-82ff-16fc693a3b48,AAPL,SELL,LIMIT,100.11,1320,trader_05,2024-01-15T09:32:52+00:00
344b5d72-4c19-4b44-aeaa-daad2cfe215e,AAPL,SELL,IOC,100.16,1580,trader_10,2024-01-15T09:32:52.500000+00:00
14d122a5-f7f5-418e-8461-b84760d96db2,AAPL,SELL,LIMIT,101.53,1820,trader_19,2024-01-15T09:32:53+00:00
19a667b8-f749-481f-9965-48c57323b372,AAPL,SELL,LIMIT,99.37,1730,trader_04,2024-01-15T09:32:53.500000+00:00
6c8ac904-e649-409c-9419-c1963dff993d,AAPL,SELL,LIMIT,102.37,1620,trader_01,2024-01-15T09:32:54+00:00
c13b5263-dd89-4099-8760-f8467aca71d4,AAPL,SELL,LIMIT,102.28,1990,trader_19,2024-01-15T09:32:54.500000+00:00
c708a92b-21a8-4a2b-ad2d-bc7723c33b24,AAPL,BUY,LIMIT,101.48,1350,trader_20,2024-01-15T09:32:55+00:00
de82af31-b4fd-4ef6-adbc-b39951bd579e,AAPL,SELL,LIMIT,101.74,1470,trader_04,2024-01-15T09:32:55.500000+00:00
c36c9373-b975-4a48-b5b6-0102c2bff3b8,AAPL,BUY,LIMIT,100.42,1060,trader_07,2024-01-15T09:32:56+00:00
715c1604-677d-45b3-9023-284ecab641aa,AAPL,SELL,LIMIT,101.92,1890,trader_02,2024-01-15T09:32:56.500000+00:00
fe0de714-13b6-4e3d-af8d-6e0012e59496,AAPL,BUY,LIMIT,101.33,1700,trader_16,2024-01-15T09:32:57+00:00
7de43ddf-2fd3-4d1a-8166-cb2d07cc2676,AAPL,SELL,LIMIT,99.96,1370,trader_11,2024-01-15T09:32:57.500000+00:00
fe697fb3-e35e-401f-b4e7-6ff576a9e95e,AAPL,SELL,LIMIT,102.18,1780,trader_09,2024-01-15T09:32:58+00:00
2d78ba36-6630-4f4c-89b3-09453cb0d453,AAPL,SELL,LIMIT,99.78,770,trader_08,2024-01-15T09:32:58.500000+00:00
3d6777fd-8bee-4be1-9c58-5ae315db3a41,AAPL,SELL,MARKET,,1810,trader_07,2024-01-15T09:32:59+00:00
0c85ea2d-61a9-45a7-9e38-6854479b3444,AAPL,SELL,LIMIT,100.56,1850,trader_09,2024-01-15T09:32:59.500000+00:00
1d620e33-98c6-4baa-ae9c-ea634a570110,AAPL,SELL,LIMIT,102.04,1020,trader_12,2024-01-15T09:33:00+00:00
ddbb791c-b1f1-4dba-9798-999563759e77,AAPL,BUY,LIMIT,100.96,210,trader_12,2024-01-15T09:33:00.500000+00:00
d0a0806b-7b40-4cde-8ebc-ea914ab5d684,AAPL,SELL,LIMIT,101.98,520,trader_18,2024-01-15T09:33:01+00:00
132f8d7f-3108-497e-9f77-394066873921,AAPL,SELL,IOC,101.77,280,trader_20,2024-01-15T09:33:01.500000+00:00
661e21d5-6a71-4906-87c6-b38ddfb78af8,AAPL,BUY,LIMIT,102.41,580,trader_08,2024-01-15T09:33:02+00:00
02b7a8bf-0651-4478-8553-0580ae2f1bb0,AAPL,BUY,LIMIT,100.72,260,trader_05,2024-01-15T09:33:02.500000+00:00
c6b33b61-ff58-4642-91e6-7d4f94a7b1bc,AAPL,BUY,FOK,99.91,1220,trader_16,2024-01-15T09:33:03+00:00
d7f01e5f-4347-4a0b-a4b6-d40fbc41b17f,AAPL,BUY,MARKET,,740,trader_11,2024-01-15T09:33:03.500000+00:00
46d20e70-d3d4-4d4e-84f1-162914f64f83,AAPL,SELL,LIMIT,99.65,600,trader_18,2024-01-15T09:33:04+00:00
8322059d-b5df-4980-8810-8e6d1c621885,AAPL,BUY,IOC,99.92,460,trader_02,2024-01-15T09:33:04.500000+00:00
0e071f1e-a833-48b8-91bd-ac55be47be85,AAPL,SELL,MARKET,,480,trader_10,2024-01-15T09:33:05+00:00
e1c8f48b-7b29-483b-905e-2a5d4c6576f7,AAPL,BUY,LIMIT,101.6,860,trader_10,2024-01-15T09:33:05.500000+00:00
a3cd5b5c-9105-4a74-b865-814d1f69c52d,AAPL,SELL,FOK,101.52,350,trader_17,2024-01-15T09:33:06+00:00
9f61a884-d1e9-4c62-9733-d8ae01f2ca9e,AAPL,SELL,LIMIT,99.33,1880,trader_15,2024-01-15T09:33:06.500000+00:00
cd468fb2-517d-43ce-9bd0-638195aa1a69,AAPL,SELL,LIMIT,99.74,760,trader_19,2024-01-15T09:33:07+00:00
a49ba390-bdce-41a4-9ba9-cfc4030b4fef,AAPL,BUY,LIMIT,102.4,1100,trader_17,2024-01-15T09:33:07.500000+00:00
09bb396a-fad0-4e13-af5a-d80e91b8e951,AAPL,SELL,LIMIT,101.6,360,trader_16,2024-01-15T09:33:08+00:00
442055ba-3c97-45d6-b79e-41814a02d6b9,AAPL,SELL,IOC,99.26,610,trader_15,2024-01-15T09:33:08.500000+00:00
8c4333b3-7439-4d38-a7e5-7e8707fa664b,AAPL,SELL,IOC,100.58,1470,trader_01,2024-01-15T09:33:09+00:00
a55f5c90-549c-4095-a14e-00eb3aeb92be,AAPL,SELL,LIMIT,101.74,1710,trader_04,2024-01-15T09:33:09.500000+00:00
c48191f8-1f4a-480e-bc27-d05dfa4da275,AAPL,SELL,LIMIT,101.19,1810,trader_10,2024-01-15T09:33:10+00:00
756f58fd-e5c4-4325-a7ec-5261ff24418a,AAPL,BUY,LIMIT,100.37,570,trader_08,2024-01-15T09:33:10.500000+00:00
2b9505b2-50bb-4cff-91b9-1f4484049f40,AAPL,BUY,LIMIT,101.25,1560,trader_12,2024-01-15T09:33:11+00:00
2d7092c2-997b-4d6c-9f00-33f79737f3ad,AAPL,SELL,LIMIT,101.26,1710,trader_07,2024-01-15T09:33:11.500000+00:00
a6984df9-d7f7-4ae6-a4d0-bd329bd24486,AAPL,BUY,LIMIT,101.87,210,trader_17,2024-01-15T09:33:12+00:00
f7932c29-6ef1-4eb5-a768-9fb03f146c45,AAPL,SELL,LIMIT,100.08,1450,trader_04,2024-01-15T09:33:12.500000+00:00
97bffe62-999a-4070-9428-a48f4e5be4a7,AAPL,BUY,MARKET,,1300,trader_07,2024-01-15T09:33:13+00:00
459844ab-2b9c-4a61-a872-b97f08d731b0,AAPL,BUY,LIMIT,101.44,1750,trader_07,2024-01-15T09:33:13.500000+00:00
056cca0c-ec66-429b-873c-4d08b0c1a51c,AAPL,SELL,LIMIT,101.45,150,trader_15,2024-01-15T09:33:14+00:00
4cf29e34-3a9b-4d2b-9ac0-fa7dc9af4867,AAPL,BUY,LIMIT,101.06,1440,trader_15,2024-01-15T09:33:14.500000+00:00
9daf3871-1085-4370-a40f-b59792d87d49,AAPL,SELL,LIMIT,100.75,10,trader_07,2024-01-15T09:33:15+00:00
0f104bb4-690a-4089-98d9-3d8cd362069b,AAPL,BUY,LIMIT,100.7,1390,trader_02,2024-01-15T09:33:15.500000+00:00
5b4ab6cc-655e-4b98-8a58-2aa2a3715259,AAPL,BUY,FOK,100.53,1050,trader_06,2024-01-15T09:33:16+00:00
ce315280-0ba5-4037-860b-22669885e8ed,AAPL,BUY,MARKET,,1870,trader_14,2024-01-15T09:33:16.500000+00:00
59017810-9b2f-4574-a60e-2e114078c65e,AAPL,SELL,FOK,100.95,970,trader_13,2024-01-15T09:33:17+00:00
e82075d7-d360-47d5-b7de-aa07d1840387,AAPL,BUY,LIMIT,102.37,350,trader_12,2024-01-15T09:33:17.500000+00:00
afa4579d-355f-4cb7-b9d9-39f9b69f97e2,AAPL,BUY,LIMIT,101.39,330,trader_08,2024-01-15T09:33:18+00:00
103d4417-727e-44dd-8eba-546caf73caab,AAPL,BUY,MARKET,,770,trader_15,2024-01-15T09:33:18.500000+00:00
878dfe1c-9373-41ca-929e-34b56758d071,AAPL,SELL,LIMIT,99.75,890,trader_05,2024-01-15T09:33:19+00:00
ac26a5b6-4113-4f72-ba16-e24c1af5dfd2,AAPL,SELL,LIMIT,102.27,90,trader_14,2024-01-15T09:33:19.500000+00:00
975714e6-6736-4591-abc2-998a3e8c8772,AAPL,BUY,LIMIT,99.1,90,trader_15,2024-01-15T09:33:20+00:00
2e8e5781-5a20-4be3-877b-479229ef5f0e,AAPL,BUY,LIMIT,99.4,600,trader_18,2024-01-15T09:33:20.500000+00:00
c0ecf76d-6fae-45fe-8750-f2960d51e7f4,AAPL,BUY,MARKET,,1990,trader_02,2024-01-15T09:33:21+00:00
36bbb4cd-83c0-4e7f-96d1-0f3de9b47ae9,AAPL,BUY,LIMIT,100.23,1880,trader_19,2024-01-15T09:33:21.500000+00:00
8016193b-7539-4180-8b69-ede2defc5f9e,AAPL,SELL,LIMIT,102.32,610,trader_10,2024-01-15T09:33:22+00:00
e0a2c075-6e7c-41db-a082-86b9b2e116fe,AAPL,BUY,FOK,101.22,770,trader_09,2024-01-15T09:33:22.500000+00:00
d6bf89ce-b4bc-47c6-bf0b-d4a13143387d,AAPL,BUY,LIMIT,101.88,450,trader_14,2024-01-15T09:33:23+00:00
c27eb02c-a002-48f4-9919-74b6a9fad54b,AAPL,SELL,LIMIT,100.94,1720,trader_13,2024-01-15T09:33:23.500000+00:00
2dd38d8b-8a42-4c0f-9006-f0cfc39e29c1,AAPL,SELL,LIMIT,100.65,970,trader_06,2024-01-15T09:33:24+00:00
09fbc398-407b-4535-8215-05846d98aa90,AAPL,SELL,LIMIT,99.8,1820,trader_05,2024-01-15T09:33:24.500000+00:00
221c9a89-eda5-4673-ae84-c5d1fc08a79b,AAPL,SELL,IOC,101.41,1070,trader_18,2024-01-15T09:33:25+00:00
1738c13e-17fd-422c-824c-ca1a927d7650,AAPL,BUY,LIMIT,100.2,1660,trader_03,2024-01-15T09:33:25.500000+00:00
e076b521-a708-46df-967b-ab750b50d5d2,AAPL,SELL,MARKET,,240,trader_18,2024-01-15T09:33:26+00:00
da9f9cf7-6c54-4e2c-a04c-96aaaa77b9fe,AAPL,BUY,LIMIT,101.17,1550,trader_02,2024-01-15T09:33:26.500000+00:00
49becad0-c821-405e-99d1-c95be588ecf0,AAPL,BUY,LIMIT,101.72,1440,trader_07,2024-01-15T09:33:27+00:00
ad0a5ebc-aeb4-4531-ac5d-c58b36631482,AAPL,SELL,LIMIT,100.3,40,trader_07,2024-01-15T09:33:27.500000+00:00
7802a4e1-2279-4e3f-9d6d-3a25ba8ec64d,AAPL,BUY,FOK,99.75,1940,trader_16,2024-01-15T09:33:28+00:00
d33e1e0f-d5bb-44d1-87aa-00abbc29cc54,AAPL,BUY,LIMIT,101.7,620,trader_18,2024-01-15T09:33:28.500000+00:00
6fcb69fc-7bb2-4a02-8602-e14471cb2e70,AAPL,SELL,MARKET,,980,trader_15,2024-01-15T09:33:29+00:00
dfbf7bba-e754-48d9-a14b-ca6251332202,AAPL,SELL,LIMIT,100.51,1280,trader_15,2024-01-15T09:33:29.500000+00:00
3d3b5c34-22a2-4420-a55a-6e7cfbf0f30b,AAPL,BUY,MARKET,,1850,trader_16,2024-01-15T09:33:30+00:00
bfbe506d-1cae-4767-a3f6-8176cc70192a,AAPL,SELL,IOC,100.31,120,trader_19,2024-01-15T09:33:30.500000+00:00
55c9153b-e826-48ea-8a06-b3aa57fccda1,AAPL,BUY,LIMIT,99.26,1500,trader_19,2024-01-15T09:33:31+00:00
ff63801b-e8ac-41eb-ac92-83b15dbed866,AAPL,SELL,LIMIT,99.83,980,trader_19,2024-01-15T09:33:31.500000+00:00
8c83b136-1fee-48d7-a697-71136a941bd0,AAPL,BUY,LIMIT,102.44,870,trader_09,2024-01-15T09:33:32+00:00
d50e5dc7-0d7a-4981-9919-fc88c1b99e73,AAPL,SELL,FOK,102.24,1180,trader_06,2024-01-15T09:33:32.500000+00:00
1162f2d4-e47c-45da-8b7a-406d098e4b32,AAPL,SELL,LIMIT,102.05,480,trader_18,2024-01-15T09:33:33+00:00
59ca5677-ce28-4559-8603-ff4bb2c85736,AAPL,BUY,LIMIT,99.95,1720,trader_02,2024-01-15T09:33:33.500000+00:00
90caef0d-5d8d-49d3-909e-9aeb09ad07f0,AAPL,BUY,LIMIT,101.73,1820,trader_05,2024-01-15T09:33:34+00:00
038ed05d-5697-4198-87df-ae4a06bf0705,AAPL,BUY,LIMIT,100.87,1590,trader_20,2024-01-15T09:33:34.500000+00:00
a7cf9e81-9cc3-45b6-9234-0d5d1a7503bd,AAPL,SELL,LIMIT,99.01,1420,trader_14,2024-01-15T09:33:35+00:00
5bcdedcb-8964-48ec-84ad-5ed5c2f24670,AAPL,BUY,LIMIT,101.77,740,trader_01,2024-01-15T09:33:35.500000+00:00
b0897620-3242-4212-bf0b-9817e802fa7c,AAPL,SELL,MARKET,,460,trader_04,2024-01-15T09:33:36+00:00
9bb31781-eeac-468f-87f8-88ccf49357a4,AAPL,BUY,LIMIT,99.69,1350,trader_09,2024-01-15T09:33:36.500000+00:00
07542e47-e86b-4948-9362-d3e3f98feb19,AAPL,SELL,LIMIT,100.58,1040,trader_15,2024-01-15T09:33:37+00:00
c97596f4-6bf0-49f6-9549-a1d5b0c32bda,AAPL,BUY,FOK,99.8,210,trader_02,2024-01-15T09:33:37.500000+00:00
f5e47afc-f0f4-417c-9908-bc29c9079137,AAPL,BUY,LIMIT,101.05,150,trader_01,2024-01-15T09:33:38+00:00
9200ee3f-c957-4035-90e5-624f5a7eabce,AAPL,BUY,LIMIT,101.14,850,trader_19,2024-01-15T09:33:38.500000+00:00
280779a3-0ab1-4617-94ef-c8808f70d07e,AAPL,BUY,MARKET,,110,trader_08,2024-01-15T09:33:39+00:00
cd31bcf3-9c32-4088-bf54-0ccfc96b85ed,AAPL,BUY,IOC,102.39,1220,trader_09,2024-01-15T09:33:39.500000+00:00
627c09b0-43f9-4a2c-a053-d6a8ab4731d1,AAPL,BUY,IOC,102.43,1400,trader_19,2024-01-15T09:33:40+00:00
a880ff1f-0c31-472a-a4d8-ee07b148597f,AAPL,BUY,LIMIT,100.02,540,trader_19,2024-01-15T09:33:40.500000+00:00
f035727c-8d71-420a-be82-175dae403d7d,AAPL,BUY,MARKET,,1830,trader_13,2024-01-15T09:33:41+00:00
c256e89c-865e-4040-8e43-815e12e6600b,AAPL,BUY,LIMIT,101.24,1000,trader_18,2024-01-15T09:33:41.500000+00:00
03202336-c0d4-42f1-8f43-a7f72bfb9ce5,AAPL,SELL,LIMIT,101.64,1770,trader_03,2024-01-15T09:33:42+00:00
4a133f7b-a613-4259-821d-091288462e95,AAPL,SELL,LIMIT,100.73,200,trader_11,2024-01-15T09:33:42.500000+00:00
87b34ee7-cbe0-4447-846c-5ac121fa414e,AAPL,SELL,FOK,100.03,700,trader_15,2024-01-15T09:33:43+00:00
c4dba688-9faf-4a8e-9651-c00ee00228ab,AAPL,SELL,LIMIT,101.94,1110,trader_06,2024-01-15T09:33:43.500000+00:00
f10d98a3-26cf-4e3b-97cd-0ccb4c6feb56,AAPL,SELL,LIMIT,101.3,640,trader_03,2024-01-15T09:33:44+00:00
647150f2-ff64-47c3-9b4e-b0faf864c236,AAPL,BUY,LIMIT,101.21,1630,trader_05,2024-01-15T09:33:44.500000+00:00
3567e804-e7a5-4144-9f50-725177c6897b,AAPL,SELL,LIMIT,99.09,790,trader_15,2024-01-15T09:33:45+00:00
1e9e14c9-79b0-40e8-9450-5c6d378c84fb,AAPL,SELL,MARKET,,270,trader_05,2024-01-15T09:33:45.500000+00:00
90079cc2-9dd0-47ff-b571-23a0932d652e,AAPL,BUY,LIMIT,101.06,1320,trader_14,2024-01-15T09:33:46+00:00
32c79a45-309f-4f21-a33f-3750e7f752af,AAPL,BUY,LIMIT,100.55,1530,trader_20,2024-01-15T09:33:46.500000+00:00
bc353c79-fa20-40eb-a2d9-75575fd515cf,AAPL,SELL,MARKET,,40,trader_10,2024-01-15T09:33:47+00:00
7bfeb786-b445-45d1-834c-64fe05e8af50,AAPL,SELL,LIMIT,99.72,1440,trader_08,2024-01-15T09:33:47.500000+00:00
528c1761-9d21-4fbf-b33d-0c1fb8fec84e,AAPL,BUY,LIMIT,99.64,780,trader_09,2024-01-15T09:33:48+00:00
ffcb244f-2ff5-4bf5-ace3-5d831e0978fc,AAPL,SELL,LIMIT,99.93,1080,trader_10,2024-01-15T09:33:48.500000+00:00
6afc0c3e-8cc2-4ed9-886c-84a5a6e989e1,AAPL,SELL,MARKET,,930,trader_09,2024-01-15T09:33:49+00:00
ac7fbb75-4b24-4e5d-85a5-37aa74db95e8,AAPL,BUY,LIMIT,101.09,510,trader_15,2024-01-15T09:33:49.500000+00:00
2ca97670-cded-4ec4-82b4-59a4815a0444,AAPL,BUY,LIMIT,99.95,860,trader_20,2024-01-15T09:33:50+00:00
d7cfdc27-cfbb-4872-a2a5-dd23ee5c4c87,AAPL,SELL,MARKET,,850,trader_15,2024-01-15T09:33:50.500000+00:00
6a0bcb8e-34c6-41e6-80b7-b0a53f685a3f,AAPL,SELL,LIMIT,102.47,350,trader_10,2024-01-15T09:33:51+00:00
97ccf6aa-9bcf-42ec-9148-10b17231b05d,AAPL,SELL,LIMIT,101.7,810,trader_06,2024-01-15T09:33:51.500000+00:00
ef76dd1e-6aa4-47cb-8c30-b93f6b4cf052,AAPL,SELL,FOK,100.73,1630,trader_16,2024-01-15T09:33:52+00:00
51c31559-72ac-4c4f-ad5b-dbeaded9ec9c,AAPL,BUY,LIMIT,100.82,1010,trader_12,2024-01-15T09:33:52.500000+00:00
a8901d12-1fca-45a8-92ed-e140862af6bb,AAPL,BUY,IOC,100.09,1400,trader_06,2024-01-15T09:33:53+00:00
40d159bf-48af-484f-8529-5f8a8113f6eb,AAPL,BUY,IOC,101.44,540,trader_15,2024-01-15T09:33:53.500000+00:00
e52fe0d3-6680-406a-a4e4-191bf1c0c7eb,AAPL,SELL,MARKET,,180,trader_14,2024-01-15T09:33:54+00:00
db3a64c0-7274-42c0-9ef0-dda84b1d088a,AAPL,SELL,LIMIT,100.24,1690,trader_05,2024-01-15T09:33:54.500000+00:00
56bbb9b9-bfd9-4711-baf1-8341c76a30cf,AAPL,SELL,MARKET,,190,trader_15,2024-01-15T09:33:55+00:00
1fcefa7a-7598-4c41-90a8-5c04a7c7903a,AAPL,SELL,LIMIT,101.51,1780,trader_14,2024-01-15T09:33:55.500000+00:00
dd1c7a43-75a7-4c21-a091-0d6a175e4bb1,AAPL,BUY,MARKET,,930,trader_18,2024-01-15T09:33:56+00:00
5886452b-5631-4268-9c1d-4c1cabd941e1,AAPL,BUY,LIMIT,100.16,910,trader_06,2024-01-15T09:33:56.500000+00:00
bf0fa52e-fdb4-4ae9-bd40-c125e5142e98,AAPL,BUY,LIMIT,102.18,1030,trader_11,2024-01-15T09:33:57+00:00
a05939f0-5066-4063-b823-1bc571780525,AAPL,SELL,LIMIT,99.26,1310,trader_17,2024-01-15T09:33:57.500000+00:00
4d8a68e7-d7cf-4594-ad01-0539d79bafec,AAPL,BUY,LIMIT,100.96,1740,trader_19,2024-01-15T09:33:58+00:00
2242a28c-0839-4a87-8d9e-d6b41ce73d64,AAPL,BUY,LIMIT,99.48,760,trader_14,2024-01-15T09:33:58.500000+00:00
c555b2bf-6dd3-4682-9a53-8e23e71b2198,AAPL,BUY,LIMIT,101.64,800,trader_11,2024-01-15T09:33:59+00:00
464bdc3e-71a3-4ede-8a65-d8d7840cc42f,AAPL,SELL,MARKET,,1340,trader_16,2024-01-15T09:33:59.500000+00:00
05c74695-6474-458e-b643-4b6079d7520c,AAPL,SELL,LIMIT,101.22,1160,trader_11,2024-01-15T09:34:00+00:00
e71a18e4-dccb-4cc8-9b70-8c1b16f227e3,AAPL,BUY,LIMIT,101.62,880,trader_04,2024-01-15T09:34:00.500000+00:00
301c9074-0219-4c47-9a2e-ce98cbbe7c50,AAPL,BUY,IOC,101.74,450,trader_18,2024-01-15T09:34:01+00:00
6c5f5108-0cdf-4656-ab40-6216922955a1,AAPL,BUY,LIMIT,101.46,600,trader_13,2024-01-15T09:34:01.500000+00:00
fc2503bd-d3f8-4ee3-9dae-c9de74066df4,AAPL,BUY,LIMIT,101.93,80,trader_20,2024-01-15T09:34:02+00:00
b173c15e-d6e5-4b80-b32f-0cf7d7eac97f,AAPL,BUY,LIMIT,100.89,1810,trader_07,2024-01-15T09:34:02.500000+00:00
a1e2da5f-d79d-489c-a14b-dd53880349ef,AAPL,BUY,LIMIT,102.31,170,trader_19,2024-01-15T09:34:03+00:00
416ed8a3-199d-4bb0-96b6-b9f5d8512ae1,AAPL,BUY,MARKET,,1380,trader_06,2024-01-15T09:34:03.500000+00:00
3bc3f89a-66ff-479b-8c62-a22e37ad9f46,AAPL,SELL,LIMIT,100.61,1720,trader_16,2024-01-15T09:34:04+00:00
9ee503ed-b611-4047-82fb-55bf4bb18abf,AAPL,SELL,LIMIT,101.39,300,trader_12,2024-01-15T09:34:04.500000+00:00
ae4da247-f436-4f2f-bb53-5cef6bcd42df,AAPL,SELL,MARKET,,1590,trader_06,2024-01-15T09:34:05+00:00
41b267ac-970f-41de-a7b0-fd02ea0a8429,AAPL,SELL,IOC,101.08,350,trader_11,2024-01-15T09:34:05.500000+00:00
6b72a4dc-df8f-40d8-acf5-8750c605c83a,AAPL,BUY,LIMIT,99.18,1780,trader_05,2024-01-15T09:34:06+00:00
71cd4b54-8ecf-4c65-91df-4681ad1d1a2b,AAPL,SELL,LIMIT,100.07,1090,trader_06,2024-01-15T09:34:06.500000+00:00
adb4e700-584b-470a-815e-1f9267485967,AAPL,SELL,LIMIT,102.42,450,trader_18,2024-01-15T09:34:07+00:00
18693c03-4083-4611-b40b-03101c98e01b,AAPL,BUY,LIMIT,99.69,1160,trader_20,2024-01-15T09:34:07.500000+00:00
624c2196-6758-480b-85bf-7d168bfbee18,AAPL,BUY,MARKET,,30,trader_16,2024-01-15T09:34:08+00:00
028296ac-57e7-4998-a659-42f8e0947728,AAPL,BUY,LIMIT,101.46,1300,trader_16,2024-01-15T09:34:08.500000+00:00
eca53db8-0fe0-49e3-88d2-b5f662c99d54,AAPL,SELL,LIMIT,101.21,1140,trader_16,2024-01-15T09:34:09+00:00
1122fb39-0b57-47a0-9e53-467061b73281,AAPL,BUY,LIMIT,99.8,570,trader_10,2024-01-15T09:34:09.500000+00:00
722e31b4-222f-47cc-ab63-632bcab910c4,AAPL,BUY,LIMIT,101.29,2000,trader_15,2024-01-15T09:34:10+00:00
5b7a774d-906b-4da3-ac66-72c5727bd5c9,AAPL,SELL,LIMIT,99.57,690,trader_18,2024-01-15T09:34:10.500000+00:00
e822bb3d-e1be-4a5a-bef8-2ecc871f8f7c,AAPL,SELL,LIMIT,99.76,1130,trader_18,2024-01-15T09:34:11+00:00
518121cc-689e-4b8b-a2f4-a3cab099cc17,AAPL,BUY,FOK,99.74,1680,trader_08,2024-01-15T09:34:11.500000+00:00
e37a0e11-69e9-484b-a1ff-b416e3672006,AAPL,SELL,MARKET,,90,trader_15,2024-01-15T09:34:12+00:00
856e56d9-8491-4fc4-95cb-0243b3899b4b,AAPL,SELL,LIMIT,99.44,310,trader_08,2024-01-15T09:34:12.500000+00:00
1979534c-12f8-42da-a09f-181f129ef750,AAPL,BUY,MARKET,,1510,trader_12,2024-01-15T09:34:13+00:00
c3eb8bbd-371e-422d-93a1-e36683ed2e2e,AAPL,SELL,LIMIT,100.28,530,trader_02,2024-01-15T09:34:13.500000+00:00
3bbd7279-b586-4ca2-a4e6-b77bcad7f7cd,AAPL,SELL,LIMIT,101.54,830,trader_10,2024-01-15T09:34:14+00:00
99174e98-f8e3-497c-9442-d88166901442,AAPL,SELL,LIMIT,101.99,1740,trader_04,2024-01-15T09:34:14.500000+00:00
2793ac80-0fe8-43fa-8f05-d4bb1c5c50cf,AAPL,BUY,FOK,101.42,710,trader_05,2024-01-15T09:34:15+00:00
b76bf4f1-a417-4002-b092-03e20aca36f0,AAPL,BUY,LIMIT,101.82,640,trader_13,2024-01-15T09:34:15.500000+00:00
6d1c3875-079a-4b66-ab30-ea8db738bd69,AAPL,SELL,LIMIT,101.77,1070,trader_13,2024-01-15T09:34:16+00:00
4a70ea56-0c17-4144-b99c-a03c17f22549,AAPL,SELL,LIMIT,99.4,1920,trader_09,2024-01-15T09:34:16.500000+00:00
01a2174e-3b5d-4ebf-8a60-02d12537839c,AAPL,SELL,LIMIT,100.83,10,trader_03,2024-01-15T09:34:17+00:00
7963e160-566d-46b1-aa91-8597e7513989,AAPL,SELL,LIMIT,101.86,170,trader_18,2024-01-15T09:34:17.500000+00:00
4201fc07-8e04-47b0-a26e-4bc3f8927573,AAPL,SELL,LIMIT,101.32,1270,trader_09,2024-01-15T09:34:18+00:00
b1f64dc3-9ac3-454b-b0bb-cef0165616d9,AAPL,SELL,MARKET,,870,trader_18,2024-01-15T09:34:18.500000+00:00
183173de-1231-4ed7-9b97-4798b4486c18,AAPL,BUY,LIMIT,101.29,1750,trader_02,2024-01-15T09:34:19+00:00
5b8851bc-67ca-4bc7-8865-309a0a339318,AAPL,BUY,LIMIT,100.52,410,trader_15,2024-01-15T09:34:19.500000+00:00
2296830c-9c63-4fd9-9a5d-be5ce3906214,AAPL,SELL,LIMIT,100.7,1770,trader_05,2024-01-15T09:34:20+00:00
9e053d13-051d-495c-b37c-2cda5c2cba8e,AAPL,SELL,LIMIT,100.09,930,trader_09,2024-01-15T09:34:20.500000+00:00
a6bdba6f-ec94-403c-a3a1-afa5953b4bb1,AAPL,BUY,LIMIT,101.67,1020,trader_10,2024-01-15T09:34:21+00:00
de7e9f11-d109-4b26-8d9e-f3dc9655794e,AAPL,BUY,LIMIT,99.7,10,trader_07,2024-01-15T09:34:21.500000+00:00
fc9f822a-f0d6-435d-a32c-7aa377cca916,AAPL,SELL,LIMIT,101.23,1750,trader_15,2024-01-15T09:34:22+00:00
0a98a3fe-1894-4ac1-bf6e-8c6f5a50879d,AAPL,BUY,LIMIT,100.82,1090,trader_05,2024-01-15T09:34:22.500000+00:00
9986fef7-f88d-464f-94c2-d053b79f5d17,AAPL,SELL,LIMIT,100.59,270,trader_04,2024-01-15T09:34:23+00:00
a27d37a5-71ae-4292-adb2-b73fc7e0e913,AAPL,SELL,LIMIT,100.14,1990,trader_05,2024-01-15T09:34:23.500000+00:00
c5be0b8c-af74-4654-9841-008b3a36ebc4,AAPL,BUY,LIMIT,101.01,1670,trader_06,2024-01-15T09:34:24+00:00
de34e2be-6d11-4ba7-a34a-873b11e0b19b,AAPL,SELL,LIMIT,100.13,390,trader_14,2024-01-15T09:34:24.500000+00:00
698e7a3a-6c41-4a41-988f-be903cffb63b,AAPL,SELL,MARKET,,230,trader_04,2024-01-15T09:34:25+00:00
e1d8278c-925a-4e9a-af47-9dfdda7bb6cb,AAPL,BUY,MARKET,,1510,trader_13,2024-01-15T09:34:25.500000+00:00
e53dd971-48c1-40b1-a561-d304cb7a8b2c,AAPL,SELL,FOK,100.79,640,trader_09,2024-01-15T09:34:26+00:00
4976a1d2-68a7-4540-93ad-2af1bf398571,AAPL,BUY,LIMIT,101.6,1560,trader_10,2024-01-15T09:34:26.500000+00:00
0655a027-2fc5-4561-8979-ccba4e7cf430,AAPL,BUY,MARKET,,1690,trader_10,2024-01-15T09:34:27+00:00
f2cea788-572c-4741-bfb3-04c694f1be08,AAPL,BUY,LIMIT,101.19,1010,trader_10,2024-01-15T09:34:27.500000+00:00
6ced913a-e883-45de-9b7e-fa504414dcb0,AAPL,BUY,MARKET,,620,trader_16,2024-01-15T09:34:28+00:00
1fc714ba-a0d7-4c34-b7c3-596f3b7a4415,AAPL,SELL,LIMIT,101.14,190,trader_17,2024-01-15T09:34:28.500000+00:00
87bcc608-4c82-4bd5-9d08-3d4302830346,AAPL,BUY,FOK,100.13,1460,trader_14,2024-01-15T09:34:29+00:00
ffb94f57-3290-4be5-bc35-6091b207d351,AAPL,SELL,LIMIT,100.26,1980,trader_03,2024-01-15T09:34:29.500000+00:00
fcb4d4fc-389f-46e1-be1f-2a532d3817a3,AAPL,BUY,LIMIT,99.26,110,trader_02,2024-01-15T09:34:30+00:00
6265c337-d712-49e1-9e72-90308f86dfe3,AAPL,SELL,LIMIT,102.21,1970,trader_14,2024-01-15T09:34:30.500000+00:00
60809bfa-82d2-4d76-8461-bf3434cfdb99,AAPL,SELL,LIMIT,99.64,1380,trader_20,2024-01-15T09:34:31+00:00
f8a7514a-649e-4026-8a0b-3fee2ee98897,AAPL,BUY,LIMIT,100.08,530,trader_05,2024-01-15T09:34:31.500000+00:00
aa5a0a64-9cd1-47f4-ae86-ab84de2d5bdf,AAPL,SELL,LIMIT,102.26,1670,trader_03,2024-01-15T09:34:32+00:00
eca452a8-fbb7-4df4-81fd-f69aedb1f031,AAPL,SELL,LIMIT,102.45,620,trader_02,2024-01-15T09:34:32.500000+00:00
7caf2d10-66c9-4dd8-80ff-4d002e33677c,AAPL,BUY,LIMIT,100.62,1570,trader_20,2024-01-15T09:34:33+00:00
17a11602-e11e-45e9-93c0-54e6859442e5,AAPL,BUY,LIMIT,102.16,450,trader_04,2024-01-15T09:34:33.500000+00:00
d94a855b-0545-408f-86fb-ab85c8526004,AAPL,BUY,LIMIT,101.51,1280,trader_12,2024-01-15T09:34:34+00:00
9ed0f32b-fe81-4059-bdef-2dc16a442a2f,AAPL,SELL,LIMIT,100.25,690,trader_04,2024-01-15T09:34:34.500000+00:00
56d5f7ae-37dd-44fb-989c-47cf457edfc8,AAPL,BUY,LIMIT,100.77,170,trader_09,2024-01-15T09:34:35+00:00
39b0c90d-4a08-4599-abf8-7529b058069e,AAPL,BUY,LIMIT,101.36,1280,trader_19,2024-01-15T09:34:35.500000+00:00
aa8a95e9-ff80-420e-83a4-81a9475b6dd1,AAPL,BUY,LIMIT,100.77,1470,trader_04,2024-01-15T09:34:36+00:00
f6a3879e-7381-4c2e-98c2-1db589a279c1,AAPL,BUY,LIMIT,99.04,40,trader_08,2024-01-15T09:34:36.500000+00:00
b5f36061-a602-40f6-bbcc-e195ab01903d,AAPL,BUY,LIMIT,101.42,460,trader_02,2024-01-15T09:34:37+00:00
9eb7d67e-aa4b-4c4a-a6e3-8f4bd9374de7,AAPL,SELL,LIMIT,99.92,1850,trader_11,2024-01-15T09:34:37.500000+00:00
816132ae-da8f-4ef4-a9ca-ad98cac1e146,AAPL,SELL,MARKET,,1470,trader_12,2024-01-15T09:34:38+00:00
7503b030-fbbd-4bee-8a3d-0632234f844f,AAPL,BUY,LIMIT,99.18,1330,trader_02,2024-01-15T09:34:38.500000+00:00
a8e95806-cf13-489b-a792-12de577cac6b,AAPL,SELL,LIMIT,101.37,1990,trader_10,2024-01-15T09:34:39+00:00
e9a51533-c2ef-48f3-9a79-14f1dbafcec3,AAPL,SELL,LIMIT,100.51,520,trader_10,2024-01-15T09:34:39.500000+00:00
f34d82ee-7e65-4a02-a1f1-c3c8c613d6a0,AAPL,SELL,LIMIT,99.96,1520,trader_16,2024-01-15T09:34:40+00:00
21c353f5-c78b-4d24-95d8-d4c3465e3124,AAPL,BUY,LIMIT,101.76,630,trader_05,2024-01-15T09:34:40.500000+00:00
a5dce5a6-5d82-4343-99c8-a6281b50e07b,AAPL,BUY,IOC,99.23,890,trader_01,2024-01-15T09:34:41+00:00
66e351cb-e7e8-4b55-8591-478cc02378fd,AAPL,SELL,LIMIT,101.88,1890,trader_10,2024-01-15T09:34:41.500000+00:00
9aeae65b-b430-46fa-80b4-7b6d1b333590,AAPL,BUY,LIMIT,99.92,160,trader_05,2024-01-15T09:34:42+00:00
98a3b1a8-dc60-47ac-b18a-70108f8fb78c,AAPL,SELL,LIMIT,100.4,1340,trader_14,2024-01-15T09:34:42.500000+00:00
6c99cee9-bd6d-4d24-a930-086d1ee51016,AAPL,SELL,LIMIT,101.58,250,trader_17,2024-01-15T09:34:43+00:00
a7f4f6f2-5bff-4540-aedf-7d634bd1af46,AAPL,BUY,LIMIT,100.57,1460,trader_02,2024-01-15T09:34:43.500000+00:00
47910494-ccf8-47aa-9b88-fcd9bd3be565,AAPL,SELL,LIMIT,99.74,670,trader_11,2024-01-15T09:34:44+00:00
da1da018-98b1-4b10-91b5-0007e7c03c18,AAPL,SELL,LIMIT,101.83,1160,trader_09,2024-01-15T09:34:44.500000+00:00
8d402413-d916-496b-99f8-49b549d2d582,AAPL,BUY,LIMIT,99.64,1980,trader_19,2024-01-15T09:34:45+00:00
5124d56a-8392-4744-9fdb-41f002bc294d,AAPL,BUY,LIMIT,99.95,810,trader_14,2024-01-15T09:34:45.500000+00:00
3eb5dd5b-b8bc-4a9e-b907-39317bb2aaf7,AAPL,BUY,LIMIT,99.95,1190,trader_09,2024-01-15T09:34:46+00:00
e59c9718-9714-4c47-bb7a-c9eeb2c8831d,AAPL,BUY,LIMIT,101.8,1810,trader_20,2024-01-15T09:34:46.500000+00:00
173ecf3d-d31e-4edc-bc4c-f8e6a7a399df,AAPL,BUY,LIMIT,100.15,1830,trader_08,2024-01-15T09:34:47+00:00
eec209cd-a465-4eef-bc6f-066b0aa246f2,AAPL,SELL,LIMIT,99.68,670,trader_06,2024-01-15T09:34:47.500000+00:00
952518c9-1612-487c-a8c6-525ef0a5df4a,AAPL,BUY,IOC,101.06,1410,trader_08,2024-01-15T09:34:48+00:00
00bf43b4-da4c-41a5-af55-b127134b396c,AAPL,BUY,LIMIT,99.62,160,trader_08,2024-01-15T09:34:48.500000+00:00
1e9ff6fa-7ad9-4653-95da-e69fd9504fe8,AAPL,BUY,LIMIT,100.87,1620,trader_03,2024-01-15T09:34:49+00:00
32904be0-eec1-406c-956e-4ef677e37db9,AAPL,SELL,IOC,99.02,170,trader_07,2024-01-15T09:34:49.500000+00:00
aa2d9c2e-0eac-451c-9c12-7b8af28fd03c,AAPL,SELL,MARKET,,240,trader_11,2024-01-15T09:34:50+00:00
09a94099-4602-4374-b9f5-4c87ceb4360b,AAPL,BUY,LIMIT,100.55,1470,trader_14,2024-01-15T09:34:50.500000+00:00
b3f0c533-ce8d-463c-a48f-e367424bae8f,AAPL,SELL,LIMIT,101.18,450,trader_12,2024-01-15T09:34:51+00:00
32e66076-e269-4a86-a158-fffe75a2eec3,AAPL,BUY,IOC,100.28,390,trader_02,2024-01-15T09:34:51.500000+00:00
270bae5d-d820-4366-99bc-1fa71143811a,AAPL,BUY,LIMIT,100.91,1410,trader_16,2024-01-15T09:34:52+00:00
85facb46-f768-4b38-8c53-02043d9b97e9,AAPL,BUY,LIMIT,100.64,520,trader_17,2024-01-15T09:34:52.500000+00:00
c88bcd2e-06aa-48f4-8f68-b21833b8ece2,AAPL,BUY,LIMIT,101.79,980,trader_12,2024-01-15T09:34:53+00:00
1b0201ab-5e47-4a79-8a92-c10ecff9ca89,AAPL,SELL,LIMIT,100.84,1450,trader_17,2024-01-15T09:34:53.500000+00:00
d852adbb-ec83-4d25-8a04-e713d9af28c7,AAPL,SELL,LIMIT,99.53,1530,trader_08,2024-01-15T09:34:54+00:00
62fc4b8f-3693-4d28-8a51-12828ff509c9,AAPL,BUY,MARKET,,2000,trader_09,2024-01-15T09:34:54.500000+00:00
602f9a40-4ea0-44ce-a581-5de43e14a559,AAPL,BUY,MARKET,,1210,trader_17,2024-01-15T09:34:55+00:00
ddcf9a45-176a-4666-95fc-02ab31d938ac,AAPL,SELL,MARKET,,600,trader_06,2024-01-15T09:34:55.500000+00:00
acfcd520-391e-413d-8ed9-f368e3fde581,AAPL,BUY,LIMIT,99.77,1890,trader_02,2024-01-15T09:34:56+00:00
c746129c-da36-4b40-81c8-b180c410a986,AAPL,BUY,LIMIT,100.85,450,trader_06,2024-01-15T09:34:56.500000+00:00
1d0d1943-c1ec-4e15-9465-3e9362ee10a9,AAPL,BUY,LIMIT,102.2,1520,trader_01,2024-01-15T09:34:57+00:00
80a3ef86-7495-4e3c-9ed1-d620fba5f883,AAPL,SELL,IOC,101.14,490,trader_16,2024-01-15T09:34:57.500000+00:00
7e659ab8-1a8c-4e6a-8377-574954858802,AAPL,SELL,LIMIT,99.09,600,trader_20,2024-01-15T09:34:58+00:00
ec65f678-67cd-4481-b702-74a3fe41ea43,AAPL,BUY,LIMIT,100.5,1580,trader_07,2024-01-15T09:34:58.500000+00:00
c259108c-ba4e-49ee-a540-8139f3a9b777,AAPL,BUY,LIMIT,100.42,830,trader_02,2024-01-15T09:34:59+00:00
38fd879e-0c58-448c-b799-4c205b2f42fa,AAPL,BUY,LIMIT,102.42,1990,trader_04,2024-01-15T09:34:59.500000+00:00
96fbcd3a-6aaa-4261-8c4f-171cff4ab8a3,AAPL,SELL,FOK,100.7,1700,trader_13,2024-01-15T09:35:00+00:00
f2e2c0c8-3a58-4808-8a40-cbe6fabef18e,AAPL,BUY,LIMIT,100.14,410,trader_14,2024-01-15T09:35:00.500000+00:00
4ebef63d-2765-4a01-a9c9-675c32fb5385,AAPL,SELL,LIMIT,100.21,1440,trader_20,2024-01-15T09:35:01+00:00
ba728c89-2d69-4c7a-b17a-58b311caf79e,AAPL,SELL,LIMIT,101.81,970,trader_10,2024-01-15T09:35:01.500000+00:00
7ddeefca-cdb2-40c0-a606-f37ed3cc826d,AAPL,SELL,LIMIT,101.5,1800,trader_19,2024-01-15T09:35:02+00:00
19376e9f-b257-4d43-a9b9-5b6f97d2e266,AAPL,SELL,MARKET,,1980,trader_19,2024-01-15T09:35:02.500000+00:00
69e1b619-8bb2-4375-a08d-5e9108b5eaa0,AAPL,BUY,LIMIT,100.92,1570,trader_08,2024-01-15T09:35:03+00:00
ce4435ee-a4f7-4e59-a14b-8ffbdb03c818,AAPL,BUY,IOC,99.83,200,trader_08,2024-01-15T09:35:03.500000+00:00
fac2b69d-f70c-426c-8547-9af14904e8b0,AAPL,SELL,FOK,100.14,230,trader_11,2024-01-15T09:35:04+00:00
ad561a28-b2a3-4509-ac4a-4c4a50cc995a,AAPL,SELL,LIMIT,99.75,180,trader_12,2024-01-15T09:35:04.500000+00:00
5d366229-4318-4030-acd5-2660b55285d3,AAPL,SELL,MARKET,,1850,trader_01,2024-01-15T09:35:05+00:00
3675e14a-7886-4931-bd44-56bf025b6f22,AAPL,BUY,LIMIT,101.92,430,trader_14,2024-01-15T09:35:05.500000+00:00
9ecb2870-e9c0-426d-97ba-7b5c5bb43ead,AAPL,SELL,MARKET,,900,trader_18,2024-01-15T09:35:06+00:00
f6e00870-d27c-4b76-a000-57cb3871fcb6,AAPL,SELL,LIMIT,101.29,1480,trader_08,2024-01-15T09:35:06.500000+00:00
44f7fe95-05e7-49d7-ba80-5d1a70c92289,AAPL,BUY,LIMIT,99.29,820,trader_09,2024-01-15T09:35:07+00:00
5cc41c8d-23f3-4d7e-908b-9cf803e483c7,AAPL,BUY,LIMIT,100.39,420,trader_03,2024-01-15T09:35:07.500000+00:00
6c327252-cb95-45c0-8836-d37eac61c1b9,AAPL,BUY,LIMIT,101.89,1810,trader_01,2024-01-15T09:35:08+00:00
cc41ed4b-c347-4703-b683-daff3534287f,AAPL,SELL,IOC,100.11,1120,trader_06,2024-01-15T09:35:08.500000+00:00
507ab742-7032-4d91-8352-769f9ede862d,AAPL,BUY,LIMIT,100.47,1050,trader_18,2024-01-15T09:35:09+00:00
c1628465-65d9-4d8d-831e-53b80a73200b,AAPL,SELL,LIMIT,100.24,130,trader_13,2024-01-15T09:35:09.500000+00:00
1a6aa209-adc4-4e62-93fc-621509123f14,AAPL,SELL,LIMIT,100.0,230,trader_10,2024-01-15T09:35:10+00:00
c6115725-8930-4f3b-a165-16b032f51147,AAPL,SELL,LIMIT,99.21,1640,trader_10,2024-01-15T09:35:10.500000+00:00
b49ee6bd-b758-42d2-8e9c-bc0606de5f45,AAPL,BUY,LIMIT,99.31,1020,trader_16,2024-01-15T09:35:11+00:00
250d4b46-e8c7-430c-ba15-a16fc60d06c6,AAPL,SELL,MARKET,,680,trader_03,2024-01-15T09:35:11.500000+00:00
1bb12ab2-d14e-44d8-b64d-5c9f75d2f139,AAPL,SELL,LIMIT,100.87,1150,trader_02,2024-01-15T09:35:12+00:00
f4eb8ead-e9d7-4c69-bf8f-4baed7622835,AAPL,SELL,LIMIT,100.23,690,trader_19,2024-01-15T09:35:12.500000+00:00
8d9590d6-fb3c-43ad-94d8-b1fe6139297b,AAPL,BUY,LIMIT,102.17,220,trader_12,2024-01-15T09:35:13+00:00
0f30ead6-10fd-41a0-887e-4a3bc18e2c4b,AAPL,SELL,FOK,101.23,160,trader_13,2024-01-15T09:35:13.500000+00:00
04b035a2-0305-4ef3-8383-2182ecf92650,AAPL,SELL,FOK,102.37,1220,trader_19,2024-01-15T09:35:14+00:00
53ba7263-aa0c-4096-8389-d31ddcd2dc20,AAPL,BUY,LIMIT,99.39,1830,trader_02,2024-01-15T09:35:14.500000+00:00
a0d8d98f-be16-4588-acc3-20df07dd9a1d,AAPL,BUY,LIMIT,100.67,430,trader_07,2024-01-15T09:35:15+00:00
d23ae8c6-5f03-47c1-95aa-4be67b7a2007,AAPL,BUY,LIMIT,100.58,1750,trader_14,2024-01-15T09:35:15.500000+00:00
c80288c8-8e19-4274-b261-cfd236e183c4,AAPL,BUY,FOK,101.65,1530,trader_09,2024-01-15T09:35:16+00:00
b3ecc304-d40b-4446-acc2-376bea2cf988,AAPL,SELL,IOC,99.09,1430,trader_13,2024-01-15T09:35:16.500000+00:00
9a422664-bec9-479e-b5b3-6f5d71a2a5c2,AAPL,SELL,MARKET,,1340,trader_15,2024-01-15T09:35:17+00:00
00bd1275-1c48-4cc0-a19d-10c5a77ade5d,AAPL,BUY,MARKET,,1600,trader_19,2024-01-15T09:35:17.500000+00:00
326126df-c3a4-482d-beb0-679e070877a5,AAPL,SELL,LIMIT,99.65,1510,trader_19,2024-01-15T09:35:18+00:00
578c7454-673e-46af-93b5-6de00bc83062,AAPL,BUY,IOC,101.78,740,trader_18,2024-01-15T09:35:18.500000+00:00
8c483d88-48b1-4f8f-a863-b6e7f380300d,AAPL,SELL,MARKET,,680,trader_13,2024-01-15T09:35:19+00:00
dbb9b72a-5ce5-46c4-9022-d207464d4ab6,AAPL,SELL,LIMIT,100.54,710,trader_13,2024-01-15T09:35:19.500000+00:00
e3335fe1-6e57-444e-8cba-fdaa339acd11,AAPL,BUY,LIMIT,102.19,100,trader_13,2024-01-15T09:35:20+00:00
995dbbc6-b893-435f-8f70-03b887c94b3d,AAPL,SELL,LIMIT,99.75,690,trader_12,2024-01-15T09:35:20.500000+00:00
186ad01c-02ce-4308-a268-d264cc4bb1fb,AAPL,BUY,LIMIT,100.31,1260,trader_04,2024-01-15T09:35:21+00:00
21fa1ccb-9527-419b-be33-5bd1d9c1722c,AAPL,BUY,LIMIT,101.94,830,trader_09,2024-01-15T09:35:21.500000+00:00
c2f098ee-9413-43b9-a844-fce19d5fc20c,AAPL,SELL,LIMIT,99.19,550,trader_14,2024-01-15T09:35:22+00:00
df1eb435-78ec-44e6-858e-f8a874c9856b,AAPL,SELL,MARKET,,960,trader_02,2024-01-15T09:35:22.500000+00:00
82642c5c-bc46-42a4-9255-15109f98d705,AAPL,BUY,LIMIT,102.01,350,trader_17,2024-01-15T09:35:23+00:00
876a60ec-8fe6-4dc0-bcdf-35abb7b97860,AAPL,BUY,LIMIT,100.34,640,trader_02,2024-01-15T09:35:23.500000+00:00
36fee465-dcae-4c26-ac52-7cc2b39cb5f1,AAPL,SELL,LIMIT,100.7,710,trader_12,2024-01-15T09:35:24+00:00
0908d32a-ffd0-4ce9-a99c-a23dac3ac87c,AAPL,SELL,LIMIT,102.42,1750,trader_01,2024-01-15T09:35:24.500000+00:00
25c85973-3952-4b1b-a6c2-da975754e63c,AAPL,BUY,LIMIT,101.45,1220,trader_19,2024-01-15T09:35:25+00:00
fc6286bf-b8d7-4153-b215-6dd81fad1eb4,AAPL,SELL,LIMIT,100.75,1770,trader_03,2024-01-15T09:35:25.500000+00:00
4e9ee9f7-0c5a-4137-ad53-1a5933f27f93,AAPL,SELL,LIMIT,99.16,1470,trader_07,2024-01-15T09:35:26+00:00
a62a3438-fef9-410d-933f-fabaff2d901a,AAPL,BUY,LIMIT,101.71,1670,trader_14,2024-01-15T09:35:26.500000+00:00
4dfeff0d-6e34-4238-9855-89968046c6df,AAPL,BUY,MARKET,,1970,trader_01,2024-01-15T09:35:27+00:00
e482d8e0-bb52-4cf9-8e53-1075c50f9064,AAPL,SELL,IOC,101.67,30,trader_08,2024-01-15T09:35:27.500000+00:00
85c90f5a-d95e-4fa3-805a-1bba00f80ce6,AAPL,SELL,LIMIT,100.71,1820,trader_09,2024-01-15T09:35:28+00:00
7dcdbb28-d766-431c-a7da-0d30de3bad09,AAPL,SELL,MARKET,,900,trader_15,2024-01-15T09:35:28.500000+00:00
00f4e993-94a8-4dec-bd20-730384669e82,AAPL,SELL,LIMIT,100.68,1600,trader_13,2024-01-15T09:35:29+00:00
213810c4-4ee6-4fa2-aefa-8ac67e8a22ff,AAPL,BUY,LIMIT,102.47,960,trader_18,2024-01-15T09:35:29.500000+00:00
350fbc30-be7a-4fba-979f-a1cd5f5dfce6,AAPL,SELL,LIMIT,99.48,870,trader_09,2024-01-15T09:35:30+00:00
270ca65d-a99b-4893-85bc-87a3f2e4972b,AAPL,SELL,MARKET,,670,trader_10,2024-01-15T09:35:30.500000+00:00
c6270826-33ce-49c9-b76f-d0353c0004e4,AAPL,BUY,LIMIT,100.4,1540,trader_13,2024-01-15T09:35:31+00:00
4d4216c4-3662-43ef-a3f1-b593674ee2b3,AAPL,SELL,LIMIT,101.53,1280,trader_10,2024-01-15T09:35:31.500000+00:00
6379cf89-3a38-4a55-8571-d8acbfd97a11,AAPL,SELL,IOC,100.89,100,trader_19,2024-01-15T09:35:32+00:00
5f3ab451-ea39-46df-b611-0d83309da157,AAPL,BUY,LIMIT,101.72,1370,trader_16,2024-01-15T09:35:32.500000+00:00
05100396-66f1-4fd9-a070-25b4ef80cbdc,AAPL,SELL,LIMIT,100.34,1430,trader_06,2024-01-15T09:35:33+00:00
1bcea87c-1615-4d01-bd75-67a135e45465,AAPL,SELL,LIMIT,100.24,1860,trader_18,2024-01-15T09:35:33.500000+00:00
bd000cfa-020e-4a1c-b52c-435730db0d86,AAPL,BUY,IOC,100.65,570,trader_12,2024-01-15T09:35:34+00:00
30f53aca-d54a-4dda-b76c-c53540276e4f,AAPL,BUY,LIMIT,100.42,850,trader_12,2024-01-15T09:35:34.500000+00:00
49291df2-7cfb-437c-9546-2a6855cae6d8,AAPL,SELL,LIMIT,101.35,1210,trader_02,2024-01-15T09:35:35+00:00
715e6456-4633-4d55-be43-c503c2f14149,AAPL,BUY,LIMIT,100.0,1750,trader_13,2024-01-15T09:35:35.500000+00:00
f74fb020-9696-463c-8166-e9f526456477,AAPL,SELL,LIMIT,99.64,520,trader_11,2024-01-15T09:35:36+00:00
54141218-9c8f-487c-b037-a44e295d4d84,AAPL,SELL,FOK,100.64,1840,trader_06,2024-01-15T09:35:36.500000+00:00
df4f69c9-8384-4641-9c01-a012d31d5600,AAPL,BUY,LIMIT,102.49,810,trader_02,2024-01-15T09:35:37+00:00
96641997-6e27-41ad-afb6-4f1c9782bbe1,AAPL,BUY,LIMIT,100.26,440,trader_19,2024-01-15T09:35:37.500000+00:00
64c1819b-8ce9-4b03-afbb-bb7b11bc18f7,AAPL,BUY,LIMIT,99.13,1120,trader_14,2024-01-15T09:35:38+00:00
2482110b-8580-48ec-a4bb-055d69387614,AAPL,SELL,LIMIT,100.88,100,trader_18,2024-01-15T09:35:38.500000+00:00
b592e140-43ef-4352-b5a2-381cead2c59e,AAPL,BUY,LIMIT,99.89,1940,trader_17,2024-01-15T09:35:39+00:00
bce40d20-e456-469e-bb37-87eeb89a69c4,AAPL,BUY,LIMIT,99.63,640,trader_08,2024-01-15T09:35:39.500000+00:00
c1a2189c-4421-4fb8-b1ba-1ca2b86fb19c,AAPL,SELL,LIMIT,99.38,1510,trader_10,2024-01-15T09:35:40+00:00
246f3b29-bf21-460e-b0b2-52d74685a5c1,AAPL,BUY,LIMIT,99.3,750,trader_15,2024-01-15T09:35:40.500000+00:00
ee36f4f6-bcbf-48a2-91b3-40195fdfbdc2,AAPL,SELL,LIMIT,102.5,880,trader_16,2024-01-15T09:35:41+00:00
b0375756-da8e-4872-93b0-0aba57087546,AAPL,SELL,MARKET,,430,trader_13,2024-01-15T09:35:41.500000+00:00
e9eb7871-cdf9-4a7e-838b-6cf5bd48a3c7,AAPL,BUY,LIMIT,102.48,550,trader_01,2024-01-15T09:35:42+00:00
0cf87487-baf7-49b8-93ed-df5df786a74a,AAPL,BUY,LIMIT,102.15,100,trader_13,2024-01-15T09:35:42.500000+00:00
4d543c31-a8bd-457b-9e86-687371fc75f4,AAPL,SELL,MARKET,,1600,trader_02,2024-01-15T09:35:43+00:00
49c95a37-3091-42d4-b454-d2efed0c22a7,AAPL,BUY,LIMIT,102.34,130,trader_04,2024-01-15T09:35:43.500000+00:00
8c68649f-fc3c-4469-b6c8-eb7da219702a,AAPL,SELL,LIMIT,99.55,1220,trader_05,2024-01-15T09:35:44+00:00
3c6113bb-40b0-405c-8ca6-3ab4ff2a903e,AAPL,BUY,LIMIT,101.51,1080,trader_04,2024-01-15T09:35:44.500000+00:00
103ccb10-01ab-4230-a54f-0e0618c3ca47,AAPL,SELL,LIMIT,101.64,270,trader_17,2024-01-15T09:35:45+00:00
71b586f2-2294-4bf0-b221-e6b7d6521a16,AAPL,BUY,LIMIT,99.5,1560,trader_07,2024-01-15T09:35:45.500000+00:00
b05e017d-1d6a-4c98-acc2-69018ab202f3,AAPL,SELL,MARKET,,520,trader_12,2024-01-15T09:35:46+00:00
dda59c84-c733-4d54-879b-e2ed292503bf,AAPL,SELL,LIMIT,99.55,540,trader_16,2024-01-15T09:35:46.500000+00:00
6e4c1e33-cd41-45e1-9645-a0fc3d69988b,AAPL,SELL,LIMIT,99.67,290,trader_19,2024-01-15T09:35:47+00:00
9197d895-65b1-4828-83f9-63644421a0fd,AAPL,SELL,LIMIT,99.78,200,trader_04,2024-01-15T09:35:47.500000+00:00
2593904b-14d2-42df-be0c-85c1c386170a,AAPL,SELL,LIMIT,101.49,760,trader_09,2024-01-15T09:35:48+00:00
058c247b-6bca-4dfa-8595-1c8fb2767477,AAPL,SELL,LIMIT,100.37,750,trader_12,2024-01-15T09:35:48.500000+00:00
8326697e-2a87-4065-a315-620d8fda6bf0,AAPL,SELL,LIMIT,99.09,1950,trader_02,2024-01-15T09:35:49+00:00
8268d5fa-eb4a-4add-a876-4916ed42df9c,AAPL,BUY,MARKET,,1700,trader_06,2024-01-15T09:35:49.500000+00:00
21153591-e997-4630-94a7-04925f951bf6,AAPL,SELL,LIMIT,101.46,690,trader_03,2024-01-15T09:35:50+00:00
55670438-24ab-484c-82ac-453312bc0320,AAPL,SELL,MARKET,,470,trader_04,2024-01-15T09:35:50.500000+00:00
881d157e-1d71-465c-b523-4ae8325b349e,AAPL,SELL,LIMIT,100.77,990,trader_16,2024-01-15T09:35:51+00:00
19ba21a9-32d3-4beb-9a6b-41bc885e23fa,AAPL,SELL,LIMIT,99.61,1790,trader_02,2024-01-15T09:35:51.500000+00:00
7b834ed2-1562-41d4-a1b5-9fd4d5de90d8,AAPL,BUY,LIMIT,101.48,1460,trader_15,2024-01-15T09:35:52+00:00
d258df02-c23e-47c5-9275-815cdf354332,AAPL,BUY,LIMIT,100.61,1760,trader_05,2024-01-15T09:35:52.500000+00:00
e8c152a8-2372-4aad-9000-fd4cfb9bf67b,AAPL,SELL,IOC,99.89,1130,trader_02,2024-01-15T09:35:53+00:00
afc43dc1-b20e-4673-a528-9d403a0ac35f,AAPL,BUY,LIMIT,100.01,1740,trader_17,2024-01-15T09:35:53.500000+00:00
4915e777-23e1-411d-82bf-6842baaa246e,AAPL,BUY,FOK,102.37,1330,trader_17,2024-01-15T09:35:54+00:00
a822be9a-f8ed-4aef-94d6-029ee256ebed,AAPL,BUY,LIMIT,101.75,890,trader_13,2024-01-15T09:35:54.500000+00:00
82820ac4-7119-40cd-aa28-ae2f4b142ce7,AAPL,BUY,MARKET,,1430,trader_20,2024-01-15T09:35:55+00:00
1ebd3583-5acc-4e50-b330-2e77d06d14fe,AAPL,BUY,LIMIT,100.01,1210,trader_16,2024-01-15T09:35:55.500000+00:00
6b3acfe5-3188-4fce-8aab-a2058f788de0,AAPL,BUY,LIMIT,100.82,850,trader_09,2024-01-15T09:35:56+00:00
70a22b51-00e3-4bf6-a3ac-7cd77963cc3a,AAPL,BUY,LIMIT,101.64,1040,trader_08,2024-01-15T09:35:56.500000+00:00
3d2dbe7f-7bb8-4112-8068-b52cc94d5b80,AAPL,BUY,LIMIT,101.45,1280,trader_15,2024-01-15T09:35:57+00:00
df2a0dfb-0407-448d-b359-1864a394457d,AAPL,SELL,LIMIT,101.25,50,trader_04,2024-01-15T09:35:57.500000+00:00
e77df9cd-2e7d-4bfd-8c37-a89c2e98ec82,AAPL,SELL,LIMIT,101.55,240,trader_20,2024-01-15T09:35:58+00:00
c01b5843-9785-47ab-af89-331ab412d39d,AAPL,SELL,MARKET,,1440,trader_07,2024-01-15T09:35:58.500000+00:00
95bdc19d-5b25-4cb1-a93e-ce792fbf1223,AAPL,SELL,IOC,100.83,580,trader_15,2024-01-15T09:35:59+00:00
89293fa2-af9b-4d03-8f7a-41388c36fd58,AAPL,SELL,LIMIT,101.6,1840,trader_12,2024-01-15T09:35:59.500000+00:00
dbd154f5-35ca-428f-9ff9-5187edd28316,AAPL,SELL,LIMIT,101.72,880,trader_12,2024-01-15T09:36:00+00:00
e83f3c6b-70cb-4d4a-be85-22ea6d71af33,AAPL,SELL,LIMIT,100.7,120,trader_06,2024-01-15T09:36:00.500000+00:00
699b8a9d-d2ac-4d3b-91ac-e6f48468fb2b,AAPL,SELL,LIMIT,102.24,1050,trader_04,2024-01-15T09:36:01+00:00
9982cf0b-e164-4c9d-9a04-a3b7e4f32925,AAPL,SELL,LIMIT,99.62,1010,trader_07,2024-01-15T09:36:01.500000+00:00
0499a925-1ec8-462d-9faa-cb5c431ee828,AAPL,SELL,MARKET,,490,trader_11,2024-01-15T09:36:02+00:00
347ba7f4-8ad7-4332-9572-74035f26309e,AAPL,BUY,MARKET,,120,trader_19,2024-01-15T09:36:02.500000+00:00
000733a3-fc99-48fd-9e8b-2f3b5d65fb80,AAPL,BUY,MARKET,,1160,trader_15,2024-01-15T09:36:03+00:00
222ceded-7d48-4255-b312-56861fe90e16,AAPL,BUY,FOK,99.53,130,trader_18,2024-01-15T09:36:03.500000+00:00
3e8415fb-0bbd-4959-acda-30526d02c87f,AAPL,SELL,MARKET,,1240,trader_17,2024-01-15T09:36:04+00:00
6e057780-107f-48b7-9f06-ce6926575676,AAPL,BUY,LIMIT,100.23,330,trader_04,2024-01-15T09:36:04.500000+00:00
b7dd0756-1853-479d-9962-3771e41edd9b,AAPL,SELL,LIMIT,101.88,1300,trader_13,2024-01-15T09:36:05+00:00
b354afe7-3d9b-41aa-89da-d2e1796ed91f,AAPL,SELL,FOK,102.26,710,trader_13,2024-01-15T09:36:05.500000+00:00
6a375f43-c8dc-455e-b231-4d4166b9137e,AAPL,SELL,FOK,101.3,360,trader_14,2024-01-15T09:36:06+00:00
92b3b631-7d51-4633-ace1-eac5896c78b4,AAPL,SELL,MARKET,,1410,trader_11,2024-01-15T09:36:06.500000+00:00
4bac8809-e4f2-48df-a5fe-0e9de653cb25,AAPL,BUY,LIMIT,101.71,1760,trader_12,2024-01-15T09:36:07+00:00
c6127ede-12dc-4139-a9cc-068aeb61748e,AAPL,BUY,FOK,102.48,460,trader_17,2024-01-15T09:36:07.500000+00:00
b3537577-3e37-46f7-9fb0-b53dc20e6570,AAPL,SELL,LIMIT,100.56,1500,trader_19,2024-01-15T09:36:08+00:00
3bde6c6b-0d04-4011-8931-b50540e62731,AAPL,SELL,LIMIT,101.29,1090,trader_01,2024-01-15T09:36:08.500000+00:00
fbdb6ce5-1d54-4b82-bcff-95d42b626eb3,AAPL,BUY,LIMIT,99.55,150,trader_07,2024-01-15T09:36:09+00:00
95445532-6cb6-4af3-976b-2cb7eda14175,AAPL,SELL,MARKET,,420,trader_10,2024-01-15T09:36:09.500000+00:00
47cf0881-ea08-4291-812c-8dfcc43efda9,AAPL,SELL,LIMIT,99.69,760,trader_07,2024-01-15T09:36:10+00:00
eb22f66b-f82f-4c26-a437-7c843e43a79a,AAPL,BUY,LIMIT,100.6,1730,trader_18,2024-01-15T09:36:10.500000+00:00
1d4389bf-7ccc-4718-b65d-a0940bb92ce4,AAPL,BUY,LIMIT,101.39,1310,trader_10,2024-01-15T09:36:11+00:00
a5242de6-288e-407d-98e8-0e0e7117a4eb,AAPL,BUY,IOC,100.92,1760,trader_11,2024-01-15T09:36:11.500000+00:00
f6082843-86fe-474d-be71-fdf025ed7f14,AAPL,BUY,LIMIT,100.2,2000,trader_15,2024-01-15T09:36:12+00:00
b4c0a0dd-1b33-4586-a560-00549c0ace06,AAPL,BUY,IOC,102.21,950,trader_19,2024-01-15T09:36:12.500000+00:00
768a19c9-6eb2-4107-bd87-4c41e9e48c81,AAPL,BUY,MARKET,,500,trader_10,2024-01-15T09:36:13+00:00
864a9589-fccf-48bf-8df1-2487db9ee189,AAPL,SELL,LIMIT,101.57,450,trader_17,2024-01-15T09:36:13.500000+00:00
ef7f0a56-c95d-4b94-be6a-10da4afaf9d0,AAPL,BUY,LIMIT,100.78,680,trader_05,2024-01-15T09:36:14+00:00
8a1d2247-cb06-4cc3-a9a5-5a9ccfd2ef8c,AAPL,BUY,LIMIT,100.01,1200,trader_05,2024-01-15T09:36:14.500000+00:00
04b20900-708a-4cf9-8f2b-171d898139f4,AAPL,BUY,LIMIT,100.6,1990,trader_20,2024-01-15T09:36:15+00:00
359392e4-500c-4b97-9e87-14cfb7f84f3f,AAPL,SELL,LIMIT,101.55,190,trader_11,2024-01-15T09:36:15.500000+00:00
efecd9b2-46ff-4883-b79d-0909a68bc252,AAPL,BUY,IOC,101.07,1300,trader_06,2024-01-15T09:36:16+00:00
926351f7-1e6c-418f-bb73-3345d182b4f6,AAPL,SELL,LIMIT,100.59,570,trader_07,2024-01-15T09:36:16.500000+00:00
4687706c-59ff-48b4-ac88-01439ab9131b,AAPL,SELL,LIMIT,100.22,1930,trader_20,2024-01-15T09:36:17+00:00
e1c2ff15-f34b-48a8-a0d2-fa4dbbf81a1d,AAPL,SELL,FOK,101.51,1720,trader_12,2024-01-15T09:36:17.500000+00:00
1d58a384-adb0-4ef7-97b4-c5e75dab29c8,AAPL,SELL,LIMIT,102.11,1600,trader_08,2024-01-15T09:36:18+00:00
7acd3733-dd85-4762-affd-bc929f44c0a3,AAPL,BUY,LIMIT,100.38,300,trader_13,2024-01-15T09:36:18.500000+00:00
58f3606f-6fba-40e4-b2f5-2d70a49eeffb,AAPL,SELL,LIMIT,100.02,1330,trader_12,2024-01-15T09:36:19+00:00
70a901e0-249d-4a65-87c6-45e6b66e36ee,AAPL,SELL,LIMIT,100.9,500,trader_11,2024-01-15T09:36:19.500000+00:00
cab4eb7c-8932-4559-a26c-547a2ef014ff,AAPL,BUY,IOC,100.47,1980,trader_18,2024-01-15T09:36:20+00:00
5457a13e-9042-4008-bf9f-0d5e9ffce523,AAPL,BUY,LIMIT,100.17,1990,trader_07,2024-01-15T09:36:20.500000+00:00
6535230d-881e-4d6f-898f-37666164f897,AAPL,SELL,MARKET,,530,trader_18,2024-01-15T09:36:21+00:00
64ba1b1d-2bff-45e7-b557-40c517ed10a6,AAPL,SELL,LIMIT,99.75,400,trader_01,2024-01-15T09:36:21.500000+00:00
07e70089-7fed-4001-9b69-212ae19a4b0a,AAPL,SELL,LIMIT,99.09,140,trader_06,2024-01-15T09:36:22+00:00
ad8a1864-0f78-4475-8e40-afa7624392b9,AAPL,SELL,LIMIT,101.82,670,trader_14,2024-01-15T09:36:22.500000+00:00
ac6719d8-5da9-4d42-ba75-e6b3369781f1,AAPL,SELL,LIMIT,100.93,50,trader_13,2024-01-15T09:36:23+00:00
5fc5bd08-8715-4fd2-94e2-27e2792624ff,AAPL,BUY,LIMIT,102.22,170,trader_19,2024-01-15T09:36:23.500000+00:00
2a019695-6957-4d79-a2c5-dfc86a1bbaa6,AAPL,BUY,LIMIT,99.36,1290,trader_04,2024-01-15T09:36:24+00:00
3a93f4d5-9410-4dd0-a2eb-c619378456af,AAPL,SELL,MARKET,,780,trader_20,2024-01-15T09:36:24.500000+00:00
76352892-98b4-4d9d-b8fd-9839b8a5b5c6,AAPL,BUY,LIMIT,100.88,1700,trader_01,2024-01-15T09:36:25+00:00
318c1e76-4f35-4fa7-8c9c-050d4c57b404,AAPL,SELL,LIMIT,99.64,1010,trader_18,2024-01-15T09:36:25.500000+00:00
f380b814-f37d-4312-97d4-081c91be0530,AAPL,SELL,FOK,99.8,1870,trader_12,2024-01-15T09:36:26+00:00
c24a8f1e-90e7-4a37-ac31-44b0c3fcc137,AAPL,BUY,LIMIT,101.14,110,trader_01,2024-01-15T09:36:26.500000+00:00
f96f2c9d-aeb4-4897-a52c-35d079c08662,AAPL,SELL,LIMIT,99.3,1920,trader_12,2024-01-15T09:36:27+00:00
a9bae31e-52a8-4a39-9b70-0bdf8580f994,AAPL,BUY,LIMIT,102.35,370,trader_06,2024-01-15T09:36:27.500000+00:00
1556b535-c13a-489c-9974-09f3c0d99b81,AAPL,BUY,LIMIT,100.19,470,trader_19,2024-01-15T09:36:28+00:00
d93f7a2e-7974-4d1f-8029-2a6bc5502675,AAPL,BUY,MARKET,,1410,trader_15,2024-01-15T09:36:28.500000+00:00
e8fa69db-1000-4a6c-8e7d-8b123b28b47e,AAPL,BUY,LIMIT,99.25,510,trader_19,2024-01-15T09:36:29+00:00
2bf7fb70-9798-44b2-a464-87e7d67066f0,AAPL,SELL,IOC,100.13,1680,trader_08,2024-01-15T09:36:29.500000+00:00
bec483b9-adbb-4b2e-9ba4-744a6fe24bae,AAPL,BUY,LIMIT,99.9,820,trader_16,2024-01-15T09:36:30+00:00
f6a4d034-b138-4cec-854e-089bb16beffa,AAPL,SELL,LIMIT,101.81,1500,trader_05,2024-01-15T09:36:30.500000+00:00
a6e3db7d-4547-446a-9ac7-80696dfbc036,AAPL,SELL,MARKET,,1100,trader_06,2024-01-15T09:36:31+00:00
382d501b-dacd-4389-b0b2-d0c0be65069a,AAPL,BUY,LIMIT,100.21,1650,trader_14,2024-01-15T09:36:31.500000+00:00
455ec5c3-bcfb-418d-a28b-185e57eee2b0,AAPL,SELL,MARKET,,350,trader_11,2024-01-15T09:36:32+00:00
5e1c5042-9a40-4588-a287-559ad06fb0d7,AAPL,SELL,LIMIT,100.77,1250,trader_18,2024-01-15T09:36:32.500000+00:00
2bd52586-c321-4275-9db6-1bae44ed1145,AAPL,BUY,LIMIT,101.08,720,trader_05,2024-01-15T09:36:33+00:00
4fd3d952-066e-4c3d-89a1-d139ecf3e751,AAPL,BUY,LIMIT,101.58,200,trader_01,2024-01-15T09:36:33.500000+00:00
6878e084-46b6-4b1d-8fae-1e7b4757e60c,AAPL,BUY,MARKET,,1490,trader_13,2024-01-15T09:36:34+00:00
9386bb4a-4fe5-4588-9a84-b1f6e9a464e5,AAPL,BUY,IOC,101.26,1390,trader_16,2024-01-15T09:36:34.500000+00:00
fe16f4ce-e848-41f1-9a4b-62f99690e30d,AAPL,BUY,LIMIT,100.39,1510,trader_10,2024-01-15T09:36:35+00:00
4e068afd-5114-4726-9468-0f1ca62e6ba8,AAPL,BUY,LIMIT,101.09,940,trader_17,2024-01-15T09:36:35.500000+00:00
7b15d93a-0b0e-437a-bbd1-b242b0a4e7a2,AAPL,BUY,LIMIT,101.68,1940,trader_17,2024-01-15T09:36:36+00:00
0d1081e6-dfc7-42a3-9d13-78b3f064f114,AAPL,BUY,LIMIT,100.07,1450,trader_05,2024-01-15T09:36:36.500000+00:00
8f1c9d29-92a0-4e65-bc3a-c0d67dc7d2ec,AAPL,SELL,IOC,99.22,1250,trader_08,2024-01-15T09:36:37+00:00
526ac40e-d2fc-4cd2-9b15-1c9f5f0d148d,AAPL,BUY,LIMIT,99.54,530,trader_17,2024-01-15T09:36:37.500000+00:00
1c765433-7682-43d6-9e14-0495807b5bcf,AAPL,SELL,LIMIT,101.38,110,trader_11,2024-01-15T09:36:38+00:00
294ae71e-570b-4b66-a07f-45a749662a9a,AAPL,BUY,LIMIT,101.63,710,trader_09,2024-01-15T09:36:38.500000+00:00
dd52629b-6eea-446a-a75b-0868ce48e2b3,AAPL,BUY,LIMIT,100.87,1680,trader_03,2024-01-15T09:36:39+00:00
87b5a42a-746f-4476-ba5e-ae6bcff2bf45,AAPL,SELL,LIMIT,100.02,910,trader_12,2024-01-15T09:36:39.500000+00:00
4575c26a-55b4-4b23-b374-350083f1bee9,AAPL,SELL,MARKET,,1550,trader_01,2024-01-15T09:36:40+00:00
60936483-7f42-4a03-bda4-2edb76e70557,AAPL,BUY,LIMIT,99.58,1650,trader_09,2024-01-15T09:36:40.500000+00:00
2f334d4d-935c-4e93-8132-9f7b11af5569,AAPL,BUY,LIMIT,99.86,1840,trader_04,2024-01-15T09:36:41+00:00
448e2de6-73f8-4645-abb6-2c2e4e349bbb,AAPL,BUY,LIMIT,100.72,1240,trader_16,2024-01-15T09:36:41.500000+00:00
8f3dc60d-bf5e-4bb6-9ac1-36dfb9d7e13a,AAPL,SELL,LIMIT,100.15,1060,trader_01,2024-01-15T09:36:42+00:00
22fe6717-ab7c-429d-9ea1-b8aa3662f8e8,AAPL,BUY,LIMIT,101.59,350,trader_17,2024-01-15T09:36:42.500000+00:00
3251bcd5-6b0c-4402-9d26-55a6caa54f76,AAPL,BUY,MARKET,,380,trader_02,2024-01-15T09:36:43+00:00
e3dcd38c-0ba8-474a-8537-ca60be4bb5bf,AAPL,BUY,LIMIT,100.02,1040,trader_20,2024-01-15T09:36:43.500000+00:00
3df1949f-5770-4ef7-9e63-3ffa25eecedd,AAPL,BUY,MARKET,,1870,trader_10,2024-01-15T09:36:44+00:00
aaca0be3-d3b8-4354-8f81-0f5abb17399b,AAPL,BUY,LIMIT,101.99,1240,trader_06,2024-01-15T09:36:44.500000+00:00
9e984010-05a5-43ac-a91a-d05726db94ef,AAPL,BUY,MARKET,,1540,trader_05,2024-01-15T09:36:45+00:00
3a944110-579c-41d7-9084-10ad0f98c190,AAPL,BUY,LIMIT,101.26,1860,trader_11,2024-01-15T09:36:45.500000+00:00
3a4d93fa-e6a6-4162-9040-d555beb937fb,AAPL,SELL,LIMIT,99.23,990,trader_05,2024-01-15T09:36:46+00:00
273b26dc-c0bb-494e-addf-31efe19f24d2,AAPL,BUY,LIMIT,101.86,1300,trader_14,2024-01-15T09:36:46.500000+00:00
981440c6-a75e-40c9-b954-814db6dcaf30,AAPL,BUY,LIMIT,99.98,1580,trader_20,2024-01-15T09:36:47+00:00
fb149336-c6a5-4091-8e85-f8ac33a71fa7,AAPL,BUY,MARKET,,1370,trader_17,2024-01-15T09:36:47.500000+00:00
d2f1793a-c2f8-4058-a6bd-37844b6de87b,AAPL,BUY,LIMIT,101.63,1550,trader_18,2024-01-15T09:36:48+00:00
d77b1a5c-bd4a-449c-944f-eaf6413efe94,AAPL,BUY,MARKET,,1990,trader_14,2024-01-15T09:36:48.500000+00:00
bf5476a6-884c-43fe-b6c4-eb2b87c9a4c6,AAPL,SELL,LIMIT,99.7,1100,trader_08,2024-01-15T09:36:49+00:00
de11be09-206d-4506-b298-570e1201c3d2,AAPL,SELL,MARKET,,980,trader_12,2024-01-15T09:36:49.500000+00:00
2c534a76-b796-4f82-a8c0-34864c53705f,AAPL,BUY,LIMIT,100.48,600,trader_03,2024-01-15T09:36:50+00:00
955e6f80-9640-4c61-90e9-1ac68fb4d0b4,AAPL,SELL,LIMIT,101.41,490,trader_01,2024-01-15T09:36:50.500000+00:00
7829e139-8bbc-444f-bb92-5cfbce1e425e,AAPL,BUY,LIMIT,99.52,970,trader_07,2024-01-15T09:36:51+00:00
0e69d236-f231-4971-94ea-489a57ee700e,AAPL,SELL,LIMIT,99.15,1670,trader_19,2024-01-15T09:36:51.500000+00:00
dc32a6f4-388c-4e69-a086-eb9cb4cc5242,AAPL,SELL,LIMIT,101.42,940,trader_20,2024-01-15T09:36:52+00:00
5c15cfe1-f707-4ac2-88db-757fce947a59,AAPL,SELL,FOK,101.25,1060,trader_18,2024-01-15T09:36:52.500000+00:00
b18b132a-3879-4517-bbbc-41419231d6b6,AAPL,SELL,LIMIT,101.55,650,trader_10,2024-01-15T09:36:53+00:00
cdfd0b55-76b2-47d6-ac7c-da96aa208994,AAPL,SELL,MARKET,,1020,trader_05,2024-01-15T09:36:53.500000+00:00
f3ee594b-8ebc-4647-884d-992d18f0617e,AAPL,BUY,LIMIT,101.28,420,trader_04,2024-01-15T09:36:54+00:00
1ba47932-fd90-4acb-8486-04e5da154a14,AAPL,BUY,LIMIT,100.8,1580,trader_02,2024-01-15T09:36:54.500000+00:00
c5b9559f-b05e-447d-8e49-033585a6bcf2,AAPL,BUY,LIMIT,101.51,240,trader_05,2024-01-15T09:36:55+00:00
12c45f7e-b27d-4a37-b065-0d2a8edcdf38,AAPL,SELL,IOC,100.59,680,trader_08,2024-01-15T09:36:55.500000+00:00
5d303b08-543d-4fe0-8d7e-9270e269de34,AAPL,SELL,LIMIT,99.72,1030,trader_20,2024-01-15T09:36:56+00:00
bf1e62fe-1d4b-4ca4-93c2-2158ffe19b6e,AAPL,SELL,LIMIT,101.06,1990,trader_06,2024-01-15T09:36:56.500000+00:00
3e7bbbaf-7afc-442a-a423-28b62475936d,AAPL,SELL,LIMIT,100.35,1330,trader_10,2024-01-15T09:36:57+00:00
ac8cc3a0-fdab-4353-bcab-f7b82fc9f563,AAPL,BUY,LIMIT,101.51,1790,trader_08,2024-01-15T09:36:57.500000+00:00
86e029b9-e69f-4cdb-9589-38ad04835d50,AAPL,BUY,LIMIT,100.24,10,trader_06,2024-01-15T09:36:58+00:00
a24dff9a-c65b-4483-9a65-9d0e35f1b1af,AAPL,BUY,FOK,100.85,1020,trader_13,2024-01-15T09:36:58.500000+00:00
3e766622-4e5e-465f-89fc-cb9e107a2425,AAPL,BUY,LIMIT,102.2,240,trader_18,2024-01-15T09:36:59+00:00
7de22b6d-4169-48ce-ad99-279df78317e4,AAPL,SELL,LIMIT,101.92,900,trader_12,2024-01-15T09:36:59.500000+00:00
b77d0f6c-1b05-4262-acd4-ae1b7ff34192,AAPL,SELL,LIMIT,99.95,1040,trader_19,2024-01-15T09:37:00+00:00
44ca6de2-c6bc-43ad-86a4-d01244530d7e,AAPL,BUY,LIMIT,101.01,1440,trader_03,2024-01-15T09:37:00.500000+00:00
260ea215-b4b8-44be-bcb0-263fbf96b0e3,AAPL,SELL,LIMIT,99.8,660,trader_18,2024-01-15T09:37:01+00:00
f30edce2-7b95-4001-a631-cec4e88826e5,AAPL,SELL,LIMIT,101.06,1980,trader_08,2024-01-15T09:37:01.500000+00:00
f9a14167-00ae-4d79-a7b7-c942ac19021c,AAPL,SELL,FOK,101.18,1510,trader_01,2024-01-15T09:37:02+00:00
db1f6614-94ec-43e7-b2c8-e61d4736e565,AAPL,SELL,LIMIT,99.38,570,trader_08,2024-01-15T09:37:02.500000+00:00
a7c69308-9b1b-4c7f-bda0-b46a3253f543,AAPL,SELL,LIMIT,100.52,30,trader_09,2024-01-15T09:37:03+00:00
4800a2ce-394c-4b42-9b6f-8adb4f756619,AAPL,BUY,LIMIT,101.17,880,trader_03,2024-01-15T09:37:03.500000+00:00
38e7d5ca-ff84-472b-bf95-0f75154629a2,AAPL,BUY,LIMIT,100.22,1470,trader_09,2024-01-15T09:37:04+00:00
88d28d6f-4365-4fec-8ef1-29c012fcdd8a,AAPL,BUY,IOC,102.43,490,trader_16,2024-01-15T09:37:04.500000+00:00
5457ec82-2b5c-46ca-bad3-706c17ae0afa,AAPL,BUY,LIMIT,100.37,530,trader_08,2024-01-15T09:37:05+00:00
e85f6d35-9bfb-46db-95d8-ac3f047defd0,AAPL,BUY,MARKET,,1590,trader_12,2024-01-15T09:37:05.500000+00:00
28e55e26-3c17-4190-8d47-02901b6d53f8,AAPL,BUY,MARKET,,310,trader_03,2024-01-15T09:37:06+00:00
bf00ffa6-5a1a-46a1-9a94-7bbd338fdd03,AAPL,SELL,LIMIT,101.96,1240,trader_12,2024-01-15T09:37:06.500000+00:00
d91e5e6d-812b-4282-8700-d137a70a2338,AAPL,SELL,LIMIT,101.87,1260,trader_06,2024-01-15T09:37:07+00:00
a46d5a77-aee3-447a-b7c3-9ad3581a33e7,AAPL,SELL,LIMIT,101.13,1350,trader_14,2024-01-15T09:37:07.500000+00:00
447f1992-8ac6-4d46-931d-971ce513da8e,AAPL,SELL,IOC,99.5,1010,trader_06,2024-01-15T09:37:08+00:00
fdc1ca1f-2826-40b2-9725-3e5a71cdcccb,AAPL,SELL,FOK,102.02,810,trader_01,2024-01-15T09:37:08.500000+00:00
4bca9b1b-6797-416d-a26b-2567df1aa05e,AAPL,BUY,LIMIT,101.08,840,trader_12,2024-01-15T09:37:09+00:00
cae043c1-d1ca-434e-8374-a7389307343a,AAPL,SELL,LIMIT,100.24,1210,trader_20,2024-01-15T09:37:09.500000+00:00
8af9e3e5-6400-4396-9159-8b3c0dbddcd9,AAPL,SELL,LIMIT,100.92,1080,trader_12,2024-01-15T09:37:10+00:00
5da98171-af83-476b-b1bd-a0d9eacb4dac,AAPL,SELL,MARKET,,720,trader_15,2024-01-15T09:37:10.500000+00:00
c5d018ef-51c9-4426-8c7c-894a364e27e3,AAPL,BUY,LIMIT,101.69,260,trader_09,2024-01-15T09:37:11+00:00
aae09628-5bfd-4bb8-bc7c-3d954306c0e0,AAPL,BUY,LIMIT,100.7,1900,trader_05,2024-01-15T09:37:11.500000+00:00
69260ea8-5aeb-4132-b751-1f879a28e1db,AAPL,SELL,MARKET,,460,trader_14,2024-01-15T09:37:12+00:00
c9166bab-1538-4430-802e-985e4ce277f2,AAPL,SELL,LIMIT,102.02,1850,trader_11,2024-01-15T09:37:12.500000+00:00
948e75b4-d25f-4218-aae5-7d722207938f,AAPL,SELL,LIMIT,101.86,130,trader_13,2024-01-15T09:37:13+00:00
24814f6e-2245-47e0-988c-8b7924773764,AAPL,BUY,LIMIT,99.22,660,trader_16,2024-01-15T09:37:13.500000+00:00
7c7ceea0-dee5-47c2-8d90-7d4d8188420a,AAPL,BUY,LIMIT,100.26,930,trader_18,2024-01-15T09:37:14+00:00
211d3991-5052-41e9-824c-ca3279705ef9,AAPL,SELL,LIMIT,100.62,1740,trader_20,2024-01-15T09:37:14.500000+00:00
097f423f-1e3a-4275-8f8e-46f3ac05a90b,AAPL,BUY,LIMIT,102.15,450,trader_10,2024-01-15T09:37:15+00:00
8d70c7a1-9a40-4a1c-982f-c6551177f5e6,AAPL,SELL,LIMIT,101.49,1890,trader_15,2024-01-15T09:37:15.500000+00:00
aeb56a19-5cdd-4308-96f8-29557e388e12,AAPL,BUY,LIMIT,100.46,380,trader_06,2024-01-15T09:37:16+00:00
6f65afff-7bcd-4d78-b441-aa117b8b70fc,AAPL,SELL,LIMIT,101.57,190,trader_03,2024-01-15T09:37:16.500000+00:00
050e2a01-473f-4e7a-af49-9d0dac85aa07,AAPL,BUY,LIMIT,100.32,750,trader_09,2024-01-15T09:37:17+00:00
10adb902-bde0-428e-8802-cf4c52d65c5c,AAPL,SELL,LIMIT,101.28,930,trader_19,2024-01-15T09:37:17.500000+00:00
66909afc-c8d5-483e-9bb5-bd2de9f14c0b,AAPL,SELL,LIMIT,100.35,330,trader_08,2024-01-15T09:37:18+00:00
1b0e518c-2ebf-4611-a5a0-edd1aa991867,AAPL,SELL,IOC,102.25,540,trader_06,2024-01-15T09:37:18.500000+00:00
e6c0d597-1038-45b1-9e1c-e2219dbd659c,AAPL,SELL,LIMIT,99.94,1220,trader_18,2024-01-15T09:37:19+00:00
a5b87493-d30f-4628-ab5f-9de9b5a4f7e6,AAPL,BUY,LIMIT,101.02,220,trader_04,2024-01-15T09:37:19.500000+00:00
4feb1958-c886-475d-a3ad-ca75fb06e358,AAPL,SELL,LIMIT,99.65,1000,trader_10,2024-01-15T09:37:20+00:00
95f18c74-22bf-40e3-8e75-e010fc7f243b,AAPL,BUY,LIMIT,100.44,330,trader_05,2024-01-15T09:37:20.500000+00:00
2d5a62e5-135b-4229-aa1f-44e59afb6e09,AAPL,BUY,LIMIT,101.86,840,trader_16,2024-01-15T09:37:21+00:00
28f61151-1b81-46ce-886e-58f0562c6788,AAPL,SELL,FOK,101.93,1410,trader_15,2024-01-15T09:37:21.500000+00:00
802b294f-1768-4461-8150-56f7665feb3c,AAPL,BUY,FOK,102.04,1520,trader_20,2024-01-15T09:37:22+00:00
8a751a43-b763-4c68-a983-a1bf77b5c8d4,AAPL,SELL,LIMIT,102.38,1120,trader_17,2024-01-15T09:37:22.500000+00:00
be47421a-a432-430d-8512-4931a7794ab5,AAPL,SELL,IOC,101.04,230,trader_15,2024-01-15T09:37:23+00:00
5a672d53-eacf-4351-b85d-ae2ef135db7b,AAPL,SELL,LIMIT,100.16,30,trader_01,2024-01-15T09:37:23.500000+00:00
1fed2b00-6297-4a0b-aa8c-190c2a3a9ada,AAPL,BUY,LIMIT,101.04,1770,trader_16,2024-01-15T09:37:24+00:00
8c616562-3868-4efc-bb6a-595ef84d6e7d,AAPL,SELL,LIMIT,101.3,1530,trader_08,2024-01-15T09:37:24.500000+00:00
1582f348-6adb-4c25-9b29-83ef7b56f674,AAPL,BUY,LIMIT,99.91,1440,trader_14,2024-01-15T09:37:25+00:00
65e73d41-ac9b-4d82-8b62-572451b64f42,AAPL,SELL,LIMIT,102.24,1000,trader_13,2024-01-15T09:37:25.500000+00:00
ad7b143c-5fce-4e5b-a04b-09e671902d37,AAPL,BUY,LIMIT,101.13,1330,trader_20,2024-01-15T09:37:26+00:00
e86a586f-b5b6-41be-9320-179eac36417e,AAPL,SELL,LIMIT,102.03,690,trader_14,2024-01-15T09:37:26.500000+00:00
7e8c154a-ebee-4b05-98fe-f7e0d5ef860e,AAPL,BUY,MARKET,,470,trader_05,2024-01-15T09:37:27+00:00
3b6462bd-e3c1-4e70-b6c6-a609d87609da,AAPL,SELL,LIMIT,101.12,700,trader_20,2024-01-15T09:37:27.500000+00:00
55c4fc6b-924e-43cd-9477-78183b0c53c0,AAPL,SELL,LIMIT,99.15,1370,trader_01,2024-01-15T09:37:28+00:00
cb463f44-dfc3-4723-b6f0-022aa15d23b8,AAPL,BUY,FOK,100.27,1840,trader_15,2024-01-15T09:37:28.500000+00:00
994de0fa-838e-4bdd-a35e-33d2602b0d95,AAPL,BUY,LIMIT,99.51,560,trader_11,2024-01-15T09:37:29+00:00
6e56e6a1-e04a-4949-bb23-d4147a0e9b6f,AAPL,SELL,LIMIT,101.5,1190,trader_02,2024-01-15T09:37:29.500000+00:00
b36a12ae-1366-4aa0-8793-bc09547d4a75,AAPL,SELL,LIMIT,99.56,1990,trader_13,2024-01-15T09:37:30+00:00
9ce288aa-5707-4740-a2be-c7caeeb2ba7b,AAPL,BUY,LIMIT,99.69,650,trader_13,2024-01-15T09:37:30.500000+00:00
07fa5752-48f0-42c5-af72-b3eaf7027420,AAPL,BUY,LIMIT,101.75,1980,trader_15,2024-01-15T09:37:31+00:00
7f6caec6-2a39-4c5d-ae53-aa0ec7f21b44,AAPL,BUY,LIMIT,99.2,1890,trader_04,2024-01-15T09:37:31.500000+00:00
8f38bb52-ed87-46fd-94e7-b9cf338ffeb0,AAPL,BUY,LIMIT,102.46,830,trader_06,2024-01-15T09:37:32+00:00
32377507-4236-4135-a985-2064b52cf591,AAPL,BUY,LIMIT,101.52,650,trader_16,2024-01-15T09:37:32.500000+00:00
af783433-a995-451a-860d-f27464170e1f,AAPL,SELL,LIMIT,99.86,560,trader_04,2024-01-15T09:37:33+00:00
bb9e2c8e-ec42-4bdd-9480-0d4f6eb43376,AAPL,BUY,LIMIT,100.02,710,trader_19,2024-01-15T09:37:33.500000+00:00
be6143b2-cb8e-4cf4-b505-b636a90c6b4c,AAPL,BUY,LIMIT,99.51,110,trader_19,2024-01-15T09:37:34+00:00
dcb46857-e53c-4e0f-869a-b104232fe4f0,AAPL,SELL,LIMIT,99.87,230,trader_08,2024-01-15T09:37:34.500000+00:00
5dec34bd-2b2d-433d-901a-cc530fd887a4,AAPL,BUY,LIMIT,102.12,1950,trader_02,2024-01-15T09:37:35+00:00
490fb669-4967-437d-8857-bac40cda9a2c,AAPL,BUY,LIMIT,100.2,280,trader_05,2024-01-15T09:37:35.500000+00:00
067a2dcb-e542-42f1-8b7d-8970cc0bd649,AAPL,SELL,LIMIT,101.79,1940,trader_12,2024-01-15T09:37:36+00:00
4a1d8760-713d-4eba-b6ba-bf7eec19c355,AAPL,SELL,LIMIT,99.69,920,trader_05,2024-01-15T09:37:36.500000+00:00
6f19cf8e-5d22-4a21-87df-0e016ff73227,AAPL,SELL,MARKET,,1250,trader_15,2024-01-15T09:37:37+00:00
33780a4b-247b-44fa-8176-434b701215ce,AAPL,SELL,LIMIT,100.69,480,trader_18,2024-01-15T09:37:37.500000+00:00
29321d7b-cb4d-4361-ab14-2c55ba2c79f3,AAPL,SELL,LIMIT,100.78,1540,trader_18,2024-01-15T09:37:38+00:00
08b303f9-dc88-4ff1-95b8-70bbbb261aa0,AAPL,BUY,LIMIT,99.95,680,trader_18,2024-01-15T09:37:38.500000+00:00
f0983a68-fd55-4606-8c61-9073818e5148,AAPL,SELL,LIMIT,102.01,1880,trader_06,2024-01-15T09:37:39+00:00
e4850896-ddb1-49dc-8ba0-8372a13491d3,AAPL,BUY,LIMIT,100.78,620,trader_11,2024-01-15T09:37:39.500000+00:00
544d8ba6-2b39-43a2-92a4-88c5cab1ec9d,AAPL,BUY,LIMIT,101.82,490,trader_17,2024-01-15T09:37:40+00:00
07f4fb8e-bbae-42c9-bb47-d6b43b172918,AAPL,SELL,MARKET,,400,trader_20,2024-01-15T09:37:40.500000+00:00
515b7e82-a9c7-4df0-b4ee-2c2a040d118b,AAPL,SELL,LIMIT,101.82,250,trader_17,2024-01-15T09:37:41+00:00
6d6fe96f-6808-4786-b51b-67991f29c135,AAPL,BUY,LIMIT,99.68,90,trader_07,2024-01-15T09:37:41.500000+00:00
23cf71ca-e49d-4722-80fd-acd2f2176de3,AAPL,BUY,LIMIT,99.03,1650,trader_13,2024-01-15T09:37:42+00:00
ff93a511-94bd-4012-af9a-5c3bf32f4d7b,AAPL,SELL,LIMIT,102.09,130,trader_12,2024-01-15T09:37:42.500000+00:00
4dfc44bc-4424-4538-a1c3-be6f0ad1fefe,AAPL,BUY,LIMIT,99.01,540,trader_16,2024-01-15T09:37:43+00:00
a81b8a9c-f7e4-4fec-aa63-67539f003f03,AAPL,BUY,LIMIT,101.56,1430,trader_14,2024-01-15T09:37:43.500000+00:00
24f4a92f-a546-432f-bead-f2f8b949111e,AAPL,SELL,MARKET,,150,trader_20,2024-01-15T09:37:44+00:00
8e715845-c9d5-416f-a3af-2ec40c1164be,AAPL,SELL,LIMIT,101.57,780,trader_03,2024-01-15T09:37:44.500000+00:00
abd285ef-0b16-41e0-b030-2489b51dd204,AAPL,BUY,FOK,99.1,600,trader_18,2024-01-15T09:37:45+00:00
c79cc57d-9782-477f-95d1-db29f54bdab1,AAPL,SELL,LIMIT,101.66,1460,trader_06,2024-01-15T09:37:45.500000+00:00
fdd73f6f-c90d-44ab-a8be-57c6b18d9b6c,AAPL,SELL,LIMIT,102.08,1730,trader_15,2024-01-15T09:37:46+00:00
a835e906-b2e1-41fc-9055-9721af35dc67,AAPL,SELL,MARKET,,430,trader_06,2024-01-15T09:37:46.500000+00:00
c36bf29c-5ac4-475a-b742-164f3cdb2d2e,AAPL,SELL,LIMIT,101.66,1540,trader_15,2024-01-15T09:37:47+00:00
ac20e3c1-c490-48bf-a877-224b2ceb1239,AAPL,SELL,IOC,101.99,840,trader_12,2024-01-15T09:37:47.500000+00:00
76cf1394-e5a7-47f6-9448-04d8076601e6,AAPL,SELL,MARKET,,1110,trader_11,2024-01-15T09:37:48+00:00
69ed9657-3e9b-4a44-a912-e1bdef613b86,AAPL,BUY,LIMIT,99.88,1410,trader_09,2024-01-15T09:37:48.500000+00:00
c74293cc-6d09-40b6-9bbb-9121a1b4c89c,AAPL,SELL,FOK,101.46,10,trader_02,2024-01-15T09:37:49+00:00
f911352e-b7df-43df-b7d9-62f758a0a31c,AAPL,SELL,LIMIT,101.14,780,trader_01,2024-01-15T09:37:49.500000+00:00
7c187bb0-7fe9-4994-aa4c-46d1906153f6,AAPL,SELL,FOK,100.36,60,trader_09,2024-01-15T09:37:50+00:00
b5afff14-c9a7-4f28-8d5e-e1f76247210b,AAPL,BUY,LIMIT,100.86,360,trader_09,2024-01-15T09:37:50.500000+00:00
15504ca7-20ce-45ee-8f50-73b726746ec3,AAPL,SELL,MARKET,,640,trader_08,2024-01-15T09:37:51+00:00
ea16c9c6-adac-405d-bfec-b03b31006768,AAPL,SELL,MARKET,,240,trader_19,2024-01-15T09:37:51.500000+00:00
96bd757a-de6a-4a3c-bfdf-548a967f20e3,AAPL,SELL,LIMIT,100.23,1860,trader_11,2024-01-15T09:37:52+00:00
cdfbdde2-9691-494f-b75c-16ed77968f16,AAPL,SELL,LIMIT,102.2,250,trader_20,2024-01-15T09:37:52.500000+00:00
1ef2ca0f-e9c4-4ad8-a229-400b7c4ef93a,AAPL,SELL,LIMIT,101.38,2000,trader_02,2024-01-15T09:37:53+00:00
4d724d73-aaf8-47e9-855a-56118910278f,AAPL,SELL,LIMIT,100.92,310,trader_08,2024-01-15T09:37:53.500000+00:00
0553ccf7-f95b-44b7-aba3-8f2464e0e7c6,AAPL,BUY,LIMIT,101.88,790,trader_17,2024-01-15T09:37:54+00:00
9597a9ca-ee23-489e-96ed-5bd09f501b01,AAPL,BUY,LIMIT,101.15,1290,trader_08,2024-01-15T09:37:54.500000+00:00
c6586491-cf50-4980-8a3d-a31ab02b3644,AAPL,BUY,LIMIT,102.5,1150,trader_20,2024-01-15T09:37:55+00:00
a305f699-5549-4af7-b5ce-f8875db6d60d,AAPL,BUY,LIMIT,100.79,380,trader_05,2024-01-15T09:37:55.500000+00:00
f8346c9e-047b-4220-b644-1667c44e4044,AAPL,SELL,LIMIT,101.75,1410,trader_13,2024-01-15T09:37:56+00:00
9440fc0a-0178-4fc6-8efc-fad518beda47,AAPL,SELL,LIMIT,101.43,1790,trader_05,2024-01-15T09:37:56.500000+00:00
0177f7f1-0833-4f5d-b9b1-35078eb91233,AAPL,BUY,LIMIT,99.99,1670,trader_19,2024-01-15T09:37:57+00:00
c23cdd41-61b9-4bcf-bda8-351a82e37df8,AAPL,BUY,LIMIT,102.02,630,trader_03,2024-01-15T09:37:57.500000+00:00
10b87c43-bba4-480c-89d0-abf66692bc57,AAPL,SELL,MARKET,,830,trader_19,2024-01-15T09:37:58+00:00
9adf41d2-de5f-4b89-a718-e3c4a19bf04b,AAPL,BUY,LIMIT,100.92,900,trader_07,2024-01-15T09:37:58.500000+00:00
9f78f922-ddce-4b68-94ea-a4950804773e,AAPL,SELL,LIMIT,101.52,790,trader_06,2024-01-15T09:37:59+00:00
60a25749-f25e-4be8-a4e2-c1e2c2ab41f0,AAPL,SELL,LIMIT,101.12,1130,trader_02,2024-01-15T09:37:59.500000+00:00
0139b47f-13bd-49a8-9a99-e8ae0d7a3298,AAPL,BUY,LIMIT,100.16,1870,trader_03,2024-01-15T09:38:00+00:00
995c78de-b557-40c2-8cf6-c3c4247b6435,AAPL,BUY,LIMIT,100.45,380,trader_10,2024-01-15T09:38:00.500000+00:00
d9567199-8ab1-4e88-903a-90470bdff473,AAPL,BUY,LIMIT,99.31,1210,trader_01,2024-01-15T09:38:01+00:00
f578efde-29a1-4f6c-9610-6b0e550325a8,AAPL,SELL,LIMIT,101.21,1400,trader_17,2024-01-15T09:38:01.500000+00:00
c365bc4f-a049-4e2b-bb9f-f90aa273869f,AAPL,SELL,LIMIT,101.73,370,trader_01,2024-01-15T09:38:02+00:00
ec622fd9-5e82-4a0b-ad48-4bc17fa69474,AAPL,SELL,LIMIT,102.03,660,trader_06,2024-01-15T09:38:02.500000+00:00
3a3c0a3d-9933-408c-b51a-39957a6c57fb,AAPL,BUY,LIMIT,102.12,140,trader_15,2024-01-15T09:38:03+00:00
375611a8-4c6f-4950-8891-03e4a34a6ba4,AAPL,BUY,LIMIT,101.77,1690,trader_12,2024-01-15T09:38:03.500000+00:00
49976975-e2e8-4263-9a5e-bd56d9862b9f,AAPL,BUY,LIMIT,101.89,980,trader_17,2024-01-15T09:38:04+00:00
b1165591-87a5-445c-b7b3-5e33338c95c6,AAPL,BUY,IOC,101.37,1370,trader_03,2024-01-15T09:38:04.500000+00:00
1607e6ef-0880-4441-8b2e-963418f7f650,AAPL,BUY,LIMIT,101.06,1830,trader_01,2024-01-15T09:38:05+00:00
ca4ce142-392e-4060-a223-71aaf22b5834,AAPL,BUY,LIMIT,101.3,1260,trader_13,2024-01-15T09:38:05.500000+00:00
1e52b6d9-18e7-4c2d-96dd-1b9ad9e24a48,AAPL,BUY,LIMIT,101.85,1610,trader_10,2024-01-15T09:38:06+00:00
813c6a06-43fa-43da-9c4e-b794057f7507,AAPL,BUY,FOK,101.28,160,trader_09,2024-01-15T09:38:06.500000+00:00
d99112f0-1965-434e-8508-871fd70502b0,AAPL,SELL,MARKET,,80,trader_18,2024-01-15T09:38:07+00:00
6ae65625-e5d4-4500-8765-ccbad495e23c,AAPL,SELL,LIMIT,100.9,1690,trader_05,2024-01-15T09:38:07.500000+00:00
